1742 2860
300 125 323 162 8
693 137 724 162 s.
763 135 988 162 At'etsrmi
1024 136 1200 162 Episcopi

297 211 382 256 tuit
403 213 608 272 sapientia
642 213 733 267 Dei,
760 227 836 273 per
869 228 1000 273 quain
1033 212 1145 257 faeta
1176 220 1279 255 sunt
1311 212 1476 265 omnia,
1508 226 1606 272 quae
1630 211 1674 255 in

296 282 458 326 animas
479 284 605 327 etiam
629 293 796 327 sanctas
816 299 859 327 se
882 282 1078 337 tranfert‚
1105 283 1261 326 amicos
1284 282 1359 326 Dei
1382 291 1425 326 et
1439 282 1673 342 Prophetas

296 354 545 409 constituit,
581 355 726 414 eisque
762 369 890 413 opera
925 369 999 398 sua
1033 355 1122 397 sine
1144 354 1327 413 strepitu
1348 353 1463 396 intus
1484 361 1669 396 enarrat.

294 425 558 483 Loquuntur
580 424 637 467 eis
659 438 836 484 quoque
854 422 1008 482 Angeli
1032 424 1122 479 Dei,
1150 424 1223 483 qui
1246 438 1414 482 semper
1433 422 1585 466 ‘vident
1607 420 1672 466 fa-

293 493 402 537 ciem
427 494 560 537 Patris
578 497 607 549 ¹,
632 493 992 554 voluntatemque
1016 496 1108 553 ejus
1130 493 1288 553 quibus
1310 503 1482 552 oportet
1503 509 1674 537 annun-

291 564 415 608 tiant.
438 567 501 608 Ex
524 565 587 609 his
609 581 722 609 unus
744 575 834 609 erat
856 566 934 609 iste
958 566 1187 624 Propheta,
1213 565 1288 625 qui
1310 566 1468 609 dixitet
1483 565 1669 624 scripsit:

294 653 316 676 α
338 637 388 678 In
410 635 619 695 principio
634 634 735 680 fecit
752 638 864 679 Deus
882 635 1044 679 eoelum
1067 645 1109 679 et
1127 644 1299 680 terram.
1320 655 1338 676 >›
1361 636 1444 689 Qui
1470 644 1557 679 tam
1574 635 1671 679 ido-

290 719 397 748 neus
427 706 543 749 testis
575 715 638 750 est
670 722 747 766 per
776 722 908 766 quem
939 710 1028 750 Deo
1051 705 1317 751 credendum
1342 707 1416 762 sit,
1447 715 1497 750 ut
1518 705 1671 751 eodem

294 776 455 835 Spiritu
479 777 571 832 Dei,
593 794 680 838 quo
698 779 792 822 haec
830 777 1111 822 sibirevelata
1124 779 1350 837 cognovit,
1377 779 1505 822 etiam
1537 778 1671 838 ipsam

291 848 421 892 fidem
445 857 635 892 nostram
658 848 853 893 futuram
877 858 998 893 tanto
1021 858 1120 893 ante
1141 848 1401 909 preedixerit.

349 921 408 963 11.
438 917 522 963 Sed
544 917 650 979 quid
671 918 835 978 placuit
852 922 941 963 Deo
965 927 1127 963 aeterno
1154 928 1256 963 tunc
1281 917 1420 963 facere
1443 918 1607 964 coelum
1628 927 1671 963 et

289 1000 446 1035 terram
460 1025 471 1045 ‚
497 1006 595 1051 quae
619 1000 744 1035 antea
767 1007 855 1035 non
878 989 1071 1034 fecisset?
1093 991 1178 1044 Qui
1199 990 1281 1035 hoc
1299 989 1466 1046 dicunt,
1491 991 1524 1035 si
1540 1006 1670 1035 mun-

288 1059 395 1105 dum
418 1069 630 1104 feternum
651 1061 742 1105 sine
764 1059 856 1104 ullo
879 1059 1000 1104 initio
1017 1095 1027 1115 ‚
1060 1070 1104 1104 et
1125 1059 1222 1105 ideo
1245 1076 1325 1105 nee
1347 1077 1371 1105 a
1392 1064 1482 1105 Deo
1506 1058 1669 1104 factum

286 1130 422 1175 videri
444 1130 613 1187 volunt,
637 1132 762 1175 nimis
784 1131 917 1175 aversi
936 1140 1038 1175 sunt
1055 1145 1077 1175 a
1099 1132 1296 1186 veritate,
1321 1141 1365 1176 et
1384 1130 1669 1175 letalimorbo

287 1203 515 1262 impietatis
536 1203 771 1247 insaniunt.
814 1203 1013 1262 Exceptis
1036 1203 1150 1246 enim
1174 1202 1438 1263 propheticis
1458 1203 1638 1247 vocibus
1653 1237 1665 1257 ,

287 1272 480 1317 mundus
510 1274 598 1333 ipse
620 1274 933 1317 ordinatissima
956 1289 1030 1317 sua
1055 1272 1344 1318 mutabilitate
1367 1282 1409 1317 et
1427 1272 1668 1318 mobilitate

287 1354 331 1388 et
356 1343 589 1389 visibilium
628 1346 821 1389 omnium
855 1344 1145 1404 pulcherrima
1174 1345 1312 1404 speeie
1343 1343 1667 1405 quodammodo

289 1417 443 1460 tacitus
476 1426 520 1460 et
551 1415 715 1461 factum
745 1432 788 1460 se
816 1432 931 1473 esse,
964 1426 1008 1461 et
1035 1417 1205 1461 nonnisi
1233 1434 1255 1460 a
1278 1420 1367 1461 Deo
1391 1415 1668 1460 ineffabiliter

288 1497 418 1549 atque
436 1488 705 1532 invisibiliter
721 1504 880 1548 magno
897 1498 941 1533 et
958 1488 1234 1532 ineffabiliter
1251 1497 1382 1549 atque
1399 1487 1668 1532 invisibiliter

286 1557 471 1619 pulchro
490 1559 581 1604 fieri
598 1575 641 1604 se
663 1560 850 1620 potuisse
872 1558 1124 1620 proclamat.
1151 1559 1235 1613 Qui
1257 1569 1403 1604 autem
1422 1576 1444 1604 a
1463 1563 1552 1603 Deo
1566 1559 1666 1620 qui-

286 1629 387 1675 dem
413 1630 577 1675 factum
611 1630 824 1687 fatentur,
860 1647 947 1676 non
976 1640 1121 1675 tamen
1151 1646 1252 1675 011111
1281 1630 1437 1675 volunt
1464 1631 1666 1690 temporis

284 1702 469 1757 habere,
508 1701 584 1747 sed
619 1718 708 1746 sure
745 1704 970 1747 creationis
1004 1702 1194 1757 initium,
1229 1711 1279 1746 ut
1308 1702 1440 1747 modo
1474 1701 1665 1762 quodam

285 1770 356 1816 vix
375 1771 635 1831 intelligibili
655 1788 825 1832 semper
846 1772 900 1817 sit
922 1771 1059 1816 sactus
1074 1808 1084 1827 ‚
1110 1772 1261 1816 dicunt
1283 1771 1458 1833 quidem
1482 1771 1661 1832 aliquid,

285 1840 404 1887 unde
426 1842 505 1886 sibi
527 1845 667 1887 Deum
687 1842 892 1887 videntur
904 1841 1024 1887 velut
1037 1858 1060 1886 a
1074 1840 1251 1887 fortuita
1265 1843 1504 1887 temeritate
1518 1841 1666 1886 defen-

287 1910 412 1967 dere,
447 1926 501 1956 ne
536 1912 682 1958 subito
727 1912 788 1958 illi
816 1914 981 1958 venisse
1004 1911 1207 1957 credatur
1228 1914 1509 1967 intuentem,
1546 1912 1666 1973 quod

286 1998 514 2043 nunquam
537 1992 637 2028 ante
667 1984 853 2028 venisset
884 1982 1026 2027 facere
1053 1983 1291 2038 mundum,
1316 1993 1359 2027 et
1381 1983 1582 2028 accidisse
1604 1982 1665 2027 illi

284 2051 556 2097 voluntatem
578 2068 758 2109 novam,
784 2069 885 2097 cum
908 2053 949 2096 in
975 2052 1096 2098 nullo
1130 2054 1183 2097 sit
1213 2054 1391 2098 0111111110
1410 2051 1630 2097 mutabilis
1651 2071 1660 2098 :

249 2184 251 2186 ι
285 2121 471 2167 sednon
491 2123 619 2167 video
640 2121 864 2184 quomodo
893 2123 951 2166 eis
979 2124 1111 2182 possit
1133 2124 1176 2168 in
1205 2124 1367 2168 caeteris
1398 2122 1527 2167 rebus
1556 2123 1664 2169 ratio

281 2193 360 2238 ista
382 2193 635 2250 subsistere,
661 2194 931 2254 maximeque
953 2194 997 2237 in
1020 2194 1160 2238 anima
1175 2229 1185 2247 ‚
1210 2209 1342 2254 quam
1373 2194 1404 2238 si
1427 2196 1517 2238 Deo
1548 2210 1662 2238 coac-

281 2273 451 2309 ternam
473 2281 559 2309 esse
581 2264 901 2319 contenderint,
923 2264 1040 2309 unde
1062 2263 1122 2308 illi
1135 2264 1338 2309 acciderit
1354 2281 1463 2310 nova
1477 2266 1658 2321 miseria,

283 2350 384 2395 quae
405 2351 631 2397 nunquam
669 2344 791 2380 antea
815 2350 891 2396 per
912 2345 1146 2390 zeterimni,
1173 2334 1295 2381 nullo
1312 2336 1444 2382 modo
1454 2345 1662 2396 poterunt

282 2405 509 2467 explicare.
538 2408 580 2453 Si
602 2408 716 2452 enim
735 2405 962 2452 alternasse
980 2422 1147 2468 semper
1164 2408 1253 2467 ejus
1269 2407 1481 2453 miseriam
1497 2417 1541 2452 et
1557 2407 1661 2452 bea-

331 2490 449 2523 math.
469 2502 554 2534 xviii,
578 2502 628 2524 10.
