1742 2860
476 56 530 84 DE
561 50 758 83 cwrrA-rr.
789 52 878 92 nm,
914 53 1039 82 nnmz
1069 54 1179 82 xvu.
1409 43 1494 86 415

111 196 211 212 th
216 196 281 212 Wkss
287 195 353 212 m
358 195 424 212 ΜΛ
429 195 710 212 mvmumku
714 194 1495 215 mmmmm'mmmwvvmww

581 329 800 380 CAPUT
836 332 1030 383 XVIII.

104 473 182 519 De
199 473 401 520 Psalmo
424 474 586 531 tertio,
609 484 655 520 et
672 473 731 519 de
749 473 1140 538 quadragesimo,
1167 473 1288 522 etde
1308 477 1497 535 quinto-

163 545 350 596 decimo
363 583 377 602 ,
403 556 448 591 et
461 545 520 591 cle
537 545 1072 608 seoeczgesz'mo-septz'mo
1082 583 1098 604 ,
1119 547 1167 592 in
1185 545 1354 608 quibus
1367 562 1497 593 mors

163 627 209 662 et
231 618 512 663 resurrectio
534 617 736 663 Domini
749 615 1119 678 prophetantur.

162 756 197 797 Ι.
223 755 288 798 ΒΕ
311 751 624 797 resurrectione
646 768 824 814 quoque
846 754 936 814 ejus
950 789 961 809 ,
998 770 1278 817 nequaquam
1299 755 1495 802 Psalmo-

100 839 199 868 rum
213 822 385 869 oracula
400 832 645 868 tacuerunt.
666 826 775 869 Nam
790 823 898 884 quid
912 834 975 869 est
988 825 1106 870 aliud
1120 826 1241 887 quod
1258 827 1302 870 in
1322 827 1494 873 Psalmo

101 896 227 941 tertio
250 912 300 940 ex
321 911 503 956 persona
524 896 613 956 ejus
627 895 823 941 canitur:
854 915 872 937 «
891 899 983 954 Ego
998 897 1209 953 dormivi,
1231 907 1273 942 et
1290 915 1493 943 somnum

92 975 123 1009 '»
150 969 266 1028 cepi,
298 968 489 1012 exurrexi
509 1004 518 1023 ‚
540 968 749 1028 quoniam
767 968 978 1013 Dominus
1006 970 1211 1028 suscipiet
1234 973 1357 1014 me¹P
1382 989 1401 1011 »
1424 974 1493 1015 An

99 1038 212 1084 forte
223 1041 454 1100 quisquam
469 1040 527 1084 ita
543 1039 714 1099 desipit,
735 1049 783 1083 ut
807 1039 955 1083 eredat
968 1039 1087 1084 velut
1102 1040 1267 1101 aliquid
1284 1057 1492 1100 magnum

99 1112 225 1156 nobis
235 1111 430 1156 indicare
442 1110 629 1156 voluisse
641 1112 919 1171 Prophetam,
932 1111 1052 1172 quod
1069 1111 1293 1157 dormierit
1306 1123 1349 1157 et
1362 1130 1491 1158 exur-

98 1184 275 1239 rexerst,
318 1184 397 1228 nisi
421 1199 596 1228 somnus
623 1183 701 1227 iste
731 1199 846 1227 mors
869 1193 1003 1239 esset,
1040 1193 1083 1227 et
1112 1184 1328 1242 evigilatio
1354 1202 1495 1230 resur-

97 1256 252 1311 rectio⁷
279 1258 412 1316 quam
435 1254 488 1299 de
511 1255 684 1299 Christo
711 1255 771 1299 sie
794 1256 987 1314 oportuit
1008 1256 1259 1315 prophetari
1277 1258 1294 1300 Ρ
1315 1259 1424 1301 Nam
1449 1267 1492 1302 et

96 1328 141 1371 in
164 1326 494 1388 quadragesimo
512 1326 653 1371 multo
671 1326 940 1370 manifestius
965 1325 1007 1369 id
1031 1326 1276 1371 ostenditur
1292 1364 1302 1383 ‚
1330 1328 1407 1372 ubi
1441 1345 1492 1373 ex

93 1414 277 1459 persona
301 1398 495 1459 ejusdem
523 1397 797 1453 Mediatoris,
823 1413 944 1441 more
969 1397 1117 1452 solito,
1145 1408 1354 1459 tanquam
1379 1416 1491 1460 prm-

95 1470 220 1515 terita
243 1477 497 1522 narrantur,
534 1483 634 1528 quae
656 1466 803 1511 l'utura
826 1468 1204 1528 prophetabantur
1232 1491 1242 1526 3
1282 1470 1491 1531 quoniam

93 1556 194 1601 quae
212 1548 398 1583 ventura
421 1547 542 1582 erant
558 1539 650 1598 jam
678 1538 723 1581 in
746 1537 1127 1598 praedestinatione
1150 1549 1191 1580 et.
1214 1541 1487 1597 praeseientia

94 1612 172 1656 Dei
188 1610 310 1655 velut
327 1610 440 1654 faeta
455 1618 598 1663 erant,
625 1610 727 1669 quia
751 1618 867 1653 certa
892 1618 1031 1653 erant.
1067 1628 1087 1651 «
1110 1609 1303 1666 Inimici⁷
1325 1612 1485 1672 inquit,

96 1700 117 1723 »
144 1681 230 1725 mei
254 1680 457 1725 dixerunt
477 1678 591 1723 mala
616 1679 722 1723 mihi
746 1699 755 1724 :
781 1678 969 1732 Quando
993 1680 1227 1736 morietur,
1253 1690 1297 1725 et
1327 1682 1489 1742 peribit

96 1771 116 1794 »
142 1767 304 1797 nomen
325 1752 440 1812 ejus?
457 1754 513 1795 Et
535 1751 568 1795 si
590 1749 916 1809 ingrediebatur
933 1759 981 1794 ut
1004 1750 1171 1795 videret.
1191 1788 1201 1807 ,
1227 1768 1338 1797 vana
1352 1753 1487 1798 loeu-

96 1843 116 1864 »
143 1833 236 1868 tum
257 1832 320 1867 est
342 1838 416 1866 eor
433 1823 545 1882 ejuS,
571 1821 850 1880 congregavit
868 1821 1140 1881 iniquitatem
1161 1822 1257 1866 sibi.
1279 1824 1488 1882 Egredie-

94 1912 115 1935 »
142 1895 272 1938 batur
286 1892 415 1948 foras,
442 1902 484 1936 et
508 1892 774 1952 loquebatur
793 1891 918 1935 simul
940 1892 984 1934 in
1000 1908 1154 1935 unum.
1177 1892 1394 1938 Adversus
1410 1910 1481 1939 me

96 1983 116 2005 n
140 1964 425 2008 susurrabant
442 1978 590 2007 omnes
608 1962 772 2005 inimici
795 1962 879 2005 mei
892 1998 902 2017 ‚
925 1961 1129 2006 adversus
1148 1979 1216 2006 me
1235 1964 1486 2023 cogitabant

97 2055 116 2077 »
140 2035 254 2080 mala
266 2035 389 2080 mihi.
410 2034 607 2079 Verbum
624 2034 824 2095 iniquum
844 2033 1151 2093 disposuerunt
1170 2035 1374 2081 adversus
1386 2052 1484 2083 me:

95 2126 116 2149 >)
142 2106 370 2168 Numquid
397 2106 473 2166 qui
498 2105 683 2161 dormit,
708 2121 798 2149 non
822 2105 995 2166 adjiciet
1020 2115 1070 2150 ut
1094 2109 1342 2165 resurgat2?
1358 2127 1377 2149 »
1405 2109 1487 2153 Hie

93 2187 209 2229 certe
230 2178 287 2221 ita
308 2176 447 2237 posita
471 2185 572 2220 sunt
593 2177 725 2221 verba
748 2177 869 2231 baee,
895 2186 946 2220 ut
967 2176 1077 2221 nihil
1103 2177 1222 2222 aliud
1245 2178 1399 2223 dixisse
1423 2180 1486 2223 in-

93 2249 331 2308 telligatur,
348 2263 482 2308 quam
504 2248 537 2291 si
560 2247 723 2291 diceret
748 2267 756 2292 :
787 2268 807 2289 «
822 2248 1048 2309 Numquid
1063 2249 1138 2309 qui
1168 2250 1367 2305 moritur,
1394 2266 1483 2294 non

93 2319 267 2381 adjiciet
280 2327 330 2363 ut
344 2318 567 2363 reviviscat
579 2318 622 2362 P»
641 2319 870 2378 Superiora
883 2319 1046 2380 quippe
1057 2319 1358 2366 demonstrant
1370 2337 1484 2365 mor-

141 2437 150 2453 ¹
170 2429 250 2462 psal.
270 2440 316 2471 111,
341 2428 375 2461 6.
397 2444 438 2452 --
464 2428 611 2470 21d.xn.,
636 2427 729 2470 6-19.
