1742 2860
421 171 474 197 m:
506 168 716 198 <3151thoess
734 168 981 206 muri-uma
1014 169 1141 207 xvim.
1378 159 1457 199 511

77 251 127 284 ex
146 235 310 298 quihus
334 234 562 296 quendam,
587 243 802 297 quantum
819 233 992 280 adeum
1014 233 1341 294 praedicandum
1363 237 1464 281 satis

77 321 167 353 esse
195 305 338 355 visum
365 314 454 359 est,
498 305 717 366 Scriptura
743 303 989 363 evangeliea
1018 304 1227 349 continet.
1266 307 1465 358 Quorum

76 377 267 437 primum
296 386 385 431 est,
419 376 539 438 quod
572 385 661 420 tam
691 375 949 420 mirabiliter
980 384 1107 421 natus
1136 385 1200 420 est
1224 396 1233 421 ε
1258 375 1465 422 ultimum

77 458 222 497 autem
240 483 254 508 ‚v
291 447 411 509 quod
434 463 532 492 eum
567 463 646 492 suo
671 447 923 506 resuscitato
942 463 964 491 a
987 447 1170 492 mortuis
1197 463 1379 508 corpore
1396 465 1465 494 as—

77 519 226 567 cendit
249 519 294 563 in
325 518 503 563 coelum.
530 521 553 562 J
560 517 672 563 udaei
699 527 868 573 autem,
894 519 969 578 qui
991 534 1091 562 eum
1117 519 1371 564 occiderunt
1387 555 1398 576 ,
1423 530 1468 565 et

76 591 122 636 in
144 606 251 639 eum
279 590 455 637 credere
485 589 746 645 noluerunt,
783 590 885 651 quia
907 591 1138 650 oportebat
1163 606 1265 636 eum
1292 592 1402 636 mori
1425 601 1468 636 et

78 678 317 723 resurgere,
342 663 496 708 vastati
520 661 736 708 infelicius
754 678 777 706 a
797 663 1019 718 Romanis,
1047 662 1333 724 funditusque
1351 681 1373 709 a
1389 679 1468 709 suo

78 750 235 794 regno,
267 734 345 778 ubi
366 736 457 796 jam
487 734 546 778 eis
581 733 831 792 alienigena]
866 733 1229 791 dominabantur,
1264 736 1469 783 eradicati

78 803 345 866 dispersique
370 820 446 866 per
480 815 638 860 terras,
674 804 1064 866 (quandoquidem
1088 806 1255 867 ubique
1281 822 1370 851 non
1392 805 1470 851 de-

78 877 235 935 sunt,)
257 890 334 936 per
357 875 599 935 Scripturas
620 891 716 920 suas
739 875 986 920 testimonio
1011 876 1135 922 nobis
1152 886 1253 921 sunt
1275 878 1468 937 prophe-

78 947 155 1003 tias
190 961 268 990 nos
305 962 395 990 non
431 945 602 991 finxisse
637 945 691 990 de
729 946 927 1003 Clirist03
963 962 1070 1008 quas
1101 946 1279 1007 plurimi
1316 964 1468 993 eorum

78 1016 420 1073 considerantes,
457 1027 500 1062 et
532 1027 632 1062 ante
669 1018 934 1081 passionem,
967 1028 1010 1062 et
1040 1020 1224 1064 maxime
1251 1029 1351 1080 post
1378 1021 1471 1081 ejus

79 1089 438 1139 resurrectionem
471 1088 755 1135 crediderunt
782 1090 828 1134 in
859 1106 958 1134 eum
977 1126 987 1143 ,
1021 1090 1076 1135 de
1098 1091 1260 1151 quibus
1285 1091 1471 1152 praedic-

79 1171 175 1206 tum
198 1172 262 1206 est
287 1180 296 1206 :
327 1181 346 1203 α
381 1161 423 1207 Si
443 1160 577 1206 fuerit
599 1177 807 1207 numerus
840 1161 1031 1208 filiorum
1055 1162 1188 1208 Israel
1208 1163 1319 1208 sieut
1341 1180 1471 1209 arena

84 1251 104 1273 »
140 1233 294 1287 maris,
332 1231 526 1293 reliquiae
556 1233 686 1277 salvae
720 1233 865 1278 fient¹.
891 1253 910 1275 »
943 1234 1099 1279 Caeteri
1132 1250 1235 1279 vero
1269 1236 1471 1280 excaecati

80 1312 207 1358 sunt,
245 1303 310 1348 der
331 1303 493 1364 quibus
522 1302 783 1363 praedietum
816 1313 882 1348 est
908 1325 916 1349 ;
951 1324 971 1346 «
1009 1305 1106 1349 Fiat
1138 1321 1285 1350 mensa
1318 1321 1472 1350 eorum

83 1393 102 1414 n
138 1389 284 1419 coram
316 1374 416 1434 ipsis
448 1374 493 1418 in
526 1373 760 1435 laqueum,
799 1384 843 1420 et
876 1375 921 1419 in
952 1376 1312 1431 retributionem,
1347 1386 1391 1421 et
1426 1377 1472 1421 in

85 1463 104 1486 n
139 1444 408 1490 scandalum.
435 1445 737 1490 Obscurentur
770 1447 886 1491 oculi
909 1462 1084 1501 eorum,
1122 1463 1176 1490 ne
1202 1447 1405 1506 videant3
1429 1458 1473 1493 et

84 1533 105 1556 »
141 1514 318 1559 dorsum
336 1514 510 1559 illorum
529 1531 698 1575 semper
720 1516 941 1561 incurva2.
964 1536 982 1558 n
1003 1517 1191 1561 Proinde
1208 1534 1306 1562 cum
1330 1520 1473 1579 Serip-

82 1586 189 1637 turis
222 1586 376 1636 nostris
406 1602 495 1635 non
519 1585 729 1641 eredunt,
763 1586 1040 1648 complentur
1070 1588 1114 1633 in
1147 1588 1205 1632 eis
1227 1604 1340 1645 suae,
1365 1606 1473 1650 quas

81 1657 183 1716 caeci,
204 1656 359 1716 legunt
380 1676 388 1701 :
413 1657 492 1701 nisi
515 1655 626 1702 sorte
649 1658 746 1719 quis
770 1657 925 1703 dixerit
942 1658 1036 1704 illas
1055 1660 1304 1719 prophetias
1321 1662 1472 1705 Chris-

81 1728 220 1772 tianos
242 1728 412 1771 finxisse
433 1727 486 1772 de
509 1729 681 1773 Christo
696 1765 706 1784 ‚
734 1746 832 1790 quae
859 1730 1036 1788 Sibyllae
1059 1731 1252 1786 nomine,
1276 1731 1346 1776 vel
1370 1733 1474 1777 alio-

82 1814 179 1843 rum
212 1797 519 1858 proferuntur,
557 1800 590 1843 si
624 1816 724 1859 quae
751 1810 876 1855 sunt,
917 1818 1016 1861 quse
1048 1817 1136 1845 non
1169 1802 1390 1860 pertinent
1417 1804 1473 1848 ad

81 1867 296 1929 populum
325 1871 346 1912 J
354 1868 596 1931 udaeorum.
631 1869 764 1930 Nobis
787 1869 966 1930 quidem
989 1870 1075 1914 illoe
1098 1872 1345 1929 sufiiciunt,
1372 1890 1471 1935 quae

83 1940 137 1998 de
160 1949 409 1989 nostrornm
444 1940 723 1984 inimieorum
756 1940 980 1986 codicibus
1013 1941 1321 2002 proteruntur,
1362 1961 1472 2005 quos

83 2011 356 2069 agnoscimus
379 2020 556 2071 propter
584 2011 666 2056 hoc
698 2013 1021 2068 tes-timonium,
1047 2014 1168 2074 quod
1201 2016 1325 2059 nobis
1349 2016 1472 2061 inviti

82 2081 316 2141 perhibent
337 2081 511 2125 eosdem
541 2080 709 2130 codices
738 2082 943 2126 habendo
968 2093 1098 2144 atque
1127 2086 1365 2140 servando,
1395 2102 1472 2146 per

83 2167 232 2195 onmes
256 2161 405 2210 gentes
434 2152 560 2199 etiam
586 2152 698 2211 ipsos
728 2169 817 2201 esse
848 2152 1081 2214 dispersos,
1119 2172 1470 2216 quaquaversum

83 2217 243 2266 Christi
280 2219 470 2267 Ecclesia
504 2220 723 2267 dilatatur.
766 2226 873 2268 Nam
910 2225 1135 2284 prophetia
1182 2226 1226 2269 in
1262 2226 1467 2282 Psalmis,

83 2308 193 2353 quos
220 2291 348 2341 etiam
366 2290 540 2349 legunt,
566 2291 620 2336 de
641 2293 720 2338 hac
745 2310 788 2337 re
813 2296 1030 2353 prsemissa
1054 2306 1132 2352 est,
1159 2297 1236 2340 ubi
1258 2298 1468 2357 scriptum

84 2373 146 2413 est
174 2382 182 2407 :
213 2382 232 2405 «
258 2365 372 2407 Deus
395 2374 537 2417 meus,
564 2363 854 2409 misericordia
874 2366 963 2426 ejus
986 2367 1221 2425 praeveniet
1244 2383 1328 2411 me.
1356 2372 1468 2413 Deus

88 2452 106 2474 >1
142 2448 262 2479 meus
284 2432 596 2479 demonstravit
623 2435 729 2478 mihi
757 2435 802 2479 in
824 2435 1008 2481 inimicis
1030 2437 1157 2492 meis,
1184 2453 1238 2481 ne
1261 2438 1468 2483 occideris

133 2536 141 2552 ¹
160 2531 229 2561 lsai.
251 2540 282 2571 x,
303 2537 355 2561 22.
374 2546 414 2552 --
442 2529 549 2562 ’Psah
570 2540 677 2570 vani,
702 2530 756 2571 23,
778 2529 832 2572 24.
