1742 2860
329 173 412 217 452
779 187 812 213 s.
848 183 1077 213 AUGUSTINJ
1110 186 1290 214 prscom

325 266 424 298 rum
460 249 771 297 excellentibus
805 249 965 309 linguis
1003 250 1228 310 insigniter
1264 250 1539 297 diffamatum
1576 261 1708 313 atque

325 320 554 381 vulgatum
567 329 653 376 est,
674 328 931 380 gestumque
949 329 1158 380 regnante
1165 322 1255 381 jam
1270 322 1425 366 Latino
1441 322 1581 367 Fauni
1599 321 1704 378 filio,

324 408 377 438 ex
407 408 495 453 quo
530 391 782 435 Latinorum
812 405 995 449 regnum
1041 388 1123 433 diei
1158 391 1317 450 eoepit,
1354 394 1710 453 Laurentumque

324 462 505 509 cessavit
522 481 531 507 :
552 461 690 506 Graeci
709 461 915 515 victores,
938 459 1127 504 deletam
1147 463 1320 522 Trojam
1337 461 1706 523 derelinquentes,

323 544 368 579 et
396 534 451 578 ad
479 532 651 593 propria
674 541 938 587 remeantes,
975 530 1150 575 (liversis
1174 541 1217 576 et
1254 532 1480 578 horrendis
1514 533 1709 578 cladibus

322 605 540 650 dilacerati
563 613 693 664 atque
717 603 893 648 contriti
915 612 1018 647 suut
1044 622 1053 647 ε
1081 611 1124 647 ct
1149 611 1294 647 tamen
1316 604 1445 647 etiam
1467 620 1517 648 ex
1534 605 1593 648 eis
1610 603 1711 649 deo-

323 693 421 721 rum
443 691 622 721 suorum
652 689 886 720 numerum
909 683 1137 718 auxerunt.
1163 676 1273 719 Nam
1297 683 1339 719 et
1362 675 1615 721 Diomedem
1643 674 1710 720 fe-

323 757 478 794 cerunt
510 746 668 802 deum,
701 761 833 808 quem
857 761 991 807 poena
1025 744 1231 790 divinitus
1258 746 1446 806 irrogata
1479 746 1711 806 perhibent

323 819 379 865 ad
401 835 499 865 suos
522 835 612 865 non
633 818 882 876 revertisse3
913 818 1092 878 ejusque
1126 818 1261 862 socios
1293 818 1340 861 in
1361 817 1558 864 volucres
1581 816 1710 863 fuisse

321 907 574 947 conversos,
599 906 689 936 non
711 888 912 934 fabuloso
944 889 1204 950 poeticoque
1226 888 1481 946 mendacio,
1513 890 1589 935 sed
1621 889 1710 935 his-

320 964 456 1012 toriCa
490 963 763 1008 attestatione
787 961 1050 1006 confirmant
1075 978 1083 1005 ι
1109 960 1269 1018 quibus
1292 975 1374 1006 nec
1397 961 1504 1006 deus
1520 997 1531 1017 ,
1558 970 1608 1007 ut
1628 977 1711 1021 pu-

319 1045 431 1093 tant,
453 1034 611 1089 faetus,
632 1035 869 1078 humanam
886 1046 1088 1076 revocare
1110 1040 1327 1087 naturam,
1348 1031 1419 1077 vel
1435 1033 1525 1092 ipse
1547 1032 1707 1092 potuit,

319 1107 391 1154 vel
426 1116 545 1152 certe
580 1121 606 1149 a
640 1107 748 1150 Jove
785 1119 864 1149 suo
902 1118 1003 1162 rege
1037 1111 1247 1164 tanquam
1284 1102 1483 1148 coelicola
1521 1104 1710 1148 novitius

317 1177 579 1239 impetravit.
605 1175 855 1230 Quinetiam
887 1173 1102 1233 templum
1134 1175 1225 1234 ejus
1247 1189 1336 1218 esse
1359 1174 1482 1218 aiunt
1503 1174 1549 1218 in
1570 1173 1711 1219 insula

318 1247 592 1304 Diomedaea,
616 1262 707 1291 non
730 1245 858 1304 longe
879 1261 902 1289 a
924 1253 1073 1289 monte
1091 1246 1314 1304 Gargano,
1341 1246 1416 1305 qui
1439 1254 1502 1289 est
1520 1246 1565 1289 in
1587 1248 1711 1305 Apu-

318 1318 400 1378 lia;
434 1327 478 1364 et
509 1318 595 1362 hoe
628 1315 843 1375 templum
877 1312 1217 1370 circumvolare,
1250 1323 1380 1375 atque
1412 1315 1603 1360 incolere
1634 1316 1711 1360 has

319 1390 440 1435 alites
472 1397 560 1433 tam
591 1384 780 1431 mirabili
803 1384 1036 1445 obsequio,
1074 1394 1124 1428 ut
1146 1393 1332 1428 rostrum
1364 1401 1476 1444 aqua
1498 1384 1711 1444 impleant

320 1471 364 1508 et
394 1467 623 1521 aspergant
640 1476 658 1519 ἐ
692 1465 736 1502 et
765 1472 816 1500 eo
845 1455 879 1500 si
916 1455 1055 1500 Graeci
1097 1457 1316 1512 venerint,
1359 1455 1430 1500 vel
1459 1458 1712 1503 Graecorum

321 1534 452 1593 stirpe
474 1528 716 1591 progeniti,
743 1543 833 1572 non
849 1526 992 1571 solum
1013 1527 1181 1588 quietas
1204 1543 1294 1571 esse
1311 1563 1322 1582 ,
1346 1542 1502 1572 verum
1524 1537 1567 1574 et
1588 1529 1711 1574 iusu-

321 1619 399 1665 per
422 1601 622 1658 adulare3
651 1600 684 1644 si
707 1608 853 1643 autem
882 1597 1144 1656 alienigenas
1165 1597 1375 1653 viderint,
1407 1598 1635 1643 subvolare
1656 1599 1712 1645 ad

323 1675 479 1735 capita,
505 1682 683 1733 tamque
707 1670 910 1729 gravibus
928 1669 1104 1725 ictibus,
1129 1678 1179 1713 ut
1196 1669 1325 1714 etiam
1349 1670 1584 1730 perimant,
1608 1671 1710 1716 vul-

322 1761 488 1793 nerare.
508 1747 617 1791 Nam
634 1742 753 1787 duris
776 1751 819 1785 et
845 1739 1083 1800 grandibus
1114 1740 1259 1786 rostris
1281 1741 1378 1787 satis
1407 1741 1463 1787 ad
1484 1742 1577 1788 haec
1598 1758 1711 1805 prae-

324 1818 382 1865 lia
403 1816 693 1879 perhibentur
719 1821 911 1860 armatae.

328 1971 1709 1996 mmmmmumwmmmwwwwwmwwmwmww

810 2111 1027 2162 CAPUT
1068 2111 1233 2162 XVII.

326 2261 404 2311 De
435 2257 790 2310 incredibilibus
825 2255 1276 2306 commutationibus
1315 2255 1558 2305 hominum
1594 2256 1713 2319 quid

788 2330 955 2378 Varro
976 2327 1246 2376 crediderit.

386 2476 476 2519 Hoc
509 2474 646 2518 Varro
680 2479 730 2515 ut
766 2477 948 2523 astruat,
992 2476 1301 2513 commemorat
1336 2467 1418 2514 alia
1454 2482 1542 2513 11011
1563 2469 1707 2514 minus
1736 2507 1737 2510 ,

326 2543 593 2589 incredibilia
621 2541 676 2587 de
706 2555 828 2600 maga
856 2539 929 2586 illa
957 2537 1235 2585 famosissima
1265 2539 1410 2595 Circe,
1440 2556 1537 2600 quae
1568 2539 1704 2584 socios
1734 2564 1736 2604 5
