1742 2860
255 75 338 115 394
681 90 714 115 s.
750 86 978 115 Aueusmm
1012 88 1193 116 EPtSCOPl

253 154 307 199 de
324 171 410 215 qua
433 155 598 213 agimus
620 156 820 214 pertinet.
854 157 966 199 Cum
994 154 1083 212 regi
1116 154 1253 199 David
1275 155 1413 201 multa
1432 172 1638 217 prospera

251 226 569 285 provenissent,
591 226 792 283 cogitavit
814 224 954 269 faeere
978 229 1066 270 Deo
1090 225 1285 282 domum,
1303 227 1515 287 templum
1530 228 1639 273 illud

251 295 413 340 scilieet
435 295 786 340 excellentissime
801 293 1091 351 diffamatum,
1113 295 1234 357 quod
1248 313 1271 340 a
1285 313 1385 356 rege
1406 297 1638 343 Salomone

251 366 341 411 filio
365 368 454 427 ejus
475 376 622 427 postea
644 365 905 410 fabricatum
926 376 1003 411 est.
1027 370 1120 412 Hoe
1142 384 1192 412 eo
1207 368 1423 426 cogitante
1437 404 1447 424 ,
1473 368 1639 413 factum

251 446 315 481 est
336 437 519 481 verbum
537 436 710 481 Domini
724 434 779 480 ad
810 437 983 482 Nathan
996 437 1254 497 prophetam
1268 473 1278 493 ,
1297 437 1417 499 quod
1431 437 1641 498 perferret

251 507 307 552 ad
340 524 498 567 regem.
536 507 619 551 Ubi
653 522 754 550 eum
787 510 901 552 Deus
935 507 1129 563 dixisset,
1172 508 1293 569 quod
1332 525 1420 552 non
1459 509 1514 553 ab
1548 510 1640 569 ipso

250 576 389 622 David
407 577 488 621 sibi
508 575 796 621 aedifiearetur
817 576 997 633 domus,
1023 594 1166 639 neque
1183 594 1260 638 per
1280 587 1453 623 tantum
1468 588 1639 639 tempus

249 664 292 692 se
315 648 541 692 mandasse
564 648 769 709 cuiquam
790 648 836 693 in
858 648 1022 709 populo
1048 665 1125 693 suo
1139 685 1149 705 ,
1168 659 1218 693 ut
1240 649 1320 693 sibi
1341 650 1464 694 fieret
1484 648 1640 694 domus
1667 649 1673 654 ’

251 717 434 762 cedrina
475 737 484 762 :
533 737 553 760 «
592 721 648 762 Et
680 734 797 763 nune
814 754 825 774 ,
881 719 1048 780 inquit,
1095 721 1189 764 haee
1235 718 1350 764 dices
1391 736 1514 764 servo
1542 735 1641 765 meo

251 807 272 829 »
297 787 464 834 David:
487 792 591 834 Haee
621 789 725 833 dicit
756 790 966 835 Dominus
998 791 1474 850 omnipotensercepi
1506 800 1550 834 te
1582 790 1637 836 de

252 877 272 900 »
298 859 399 904 ovili
429 860 575 904 ovium
595 896 606 915 ,
631 870 682 905 ut
703 877 812 906 esses
836 861 880 906 in
918 861 1075 906 ducem
1098 877 1226 921 super
1258 861 1471 921 populum
1494 877 1643 906 meum

251 947 271 970 ))
297 929 343 973 in
366 928 497 973 Israel
518 939 561 974 et
582 946 697 974 eram
728 940 874 975 tecum
906 931 952 974 in
989 931 1193 976 omnihus
1228 931 1389 992 quibus
1423 931 1643 990 ingredie-

252 1018 272 1040 »
300 999 436 1054 baris,
469 1010 513 1044 et
533 1001 814 1045 exterminavi
837 1017 985 1045 omnes
1009 1001 1206 1046 inimicos
1241 1011 1339 1045 tuos
1361 1018 1383 1046 a
1406 1000 1512 1046 facie
1536 1011 1610 1045 tua
1627 1036 1638 1056 ,

251 1089 271 1111 »
298 1079 341 1114 et
362 1069 444 1114 feei
464 1080 506 1115 te
533 1071 808 1116 nominatum
829 1071 1073 1116 secundum
1096 1088 1264 1123 nomen
1283 1088 1545 1131 magnorum
1566 1071 1643 1132 qui

251 1159 271 1181 »
297 1150 399 1184 sunt
412 1157 541 1202 super
558 1151 738 1186 terram:
756 1152 967 1202 etponfim
990 1142 1137 1187 locum
1151 1142 1316 1203 populo
1341 1158 1437 1187 meo
1448 1142 1644 1197 Israel,et

251 1230 271 1253 »
298 1211 506 1272 plantabo
525 1211 1000 1268 illum,etinhabitabit
1018 1229 1226 1269 seorsum,
1255 1223 1299 1258 et
1326 1229 1414 1257 non
1435 1211 1643 1257 sollicitus

251 1300 271 1323 >›
297 1283 378 1327 erit
399 1283 536 1342 ultra3
577 1294 619 1328 et
652 1301 741 1329 non
771 1295 961 1345 apponet
992 1285 1106 1329 filius
1142 1285 1381 1346 iniquitatis
1411 1283 1642 1328 humiliare

251 1372 272 1395 »
298 1370 414 1410 eum,
440 1356 551 1399 sieut
573 1355 628 1399 ab
651 1355 773 1400 initio
803 1372 825 1400 a
857 1356 1012 1400 diebus
1044 1356 1206 1417 quibus
1239 1356 1445 1401 constitui
1472 1355 1644 1415 judiees

252 1442 273 1465 »
299 1440 427 1484 super
439 1425 653 1485 populum
664 1441 812 1469 meum
825 1425 970 1470 Israel.
986 1429 1042 1470 Et
1052 1426 1247 1486 requiem
1260 1426 1339 1470 tihi
1351 1425 1466 1470 dabo
1480 1425 1535 1469 ab
1547 1441 1644 1470 om-

252 1514 271 1536 »
298 1495 427 1539 nibus
448 1496 630 1540 inimicis
649 1496 733 1540 tuis
754 1506 820 1541 :et
846 1497 1067 1541 nuntiabit
1085 1497 1165 1540 tibi
1187 1496 1413 1551 Dominus,
1436 1496 1644 1556 quoniam

251 1584 272 1607 >›
298 1565 479 1611 domum
501 1566 735 1611 aedifieabis
764 1567 858 1626 ipsi.
886 1570 943 1611 Et
960 1567 1041 1610 erit
1062 1583 1162 1611 eum
1192 1567 1344 1626 repleti
1361 1566 1524 1611 fuerint
1553 1565 1643 1611 dies

252 1655 272 1678 >›
301 1636 390 1692 tui,
412 1646 454 1681 et
472 1636 657 1680 dormies
691 1653 791 1681 cum
832 1637 1028 1697 patribus
1052 1638 1158 1693 tuis,
1185 1647 1228 1681 et
1262 1637 1479 1682 suscitabo
1498 1653 1643 1682 semen

251 1724 271 1747 >›
298 1715 424 1750 tuum
458 1715 557 1766 post
578 1716 643 1761 te,
671 1706 747 1766 qui
770 1706 850 1750 erit
883 1706 938 1750 de
972 1716 1124 1751 ventre
1158 1716 1236 1751 tuo
1256 1742 1267 1762 ,
1314 1717 1357 1752 et
1388 1707 1644 1767 praeparaho

250 1795 270 1818 »
296 1793 479 1836 regnum
497 1778 602 1838 ejus.
627 1777 707 1821 Hie
738 1777 975 1822 aedificabit
993 1777 1100 1821 mihi
1133 1776 1315 1822 domum
1335 1778 1501 1821 nomini
1518 1794 1637 1833 meo,

250 1866 270 1890 »
296 1858 339 1892 et
361 1848 544 1907 dirigam
558 1849 765 1893 thronum
780 1847 894 1892 illius
909 1864 1046 1909 usque
1060 1849 1105 1892 in
1118 1858 1344 1892 aeternum.
1370 1851 1464 1908 Ego
1488 1865 1560 1893 ero
1582 1848 1645 1893 illi

251 1937 271 1960 »
297 1919 343 1962 in
354 1929 538 1979 patrem,
557 1928 600 1963 et
616 1918 688 1962 ille
705 1919 786 1962 erit
798 1919 903 1963 mihi
917 1919 962 1963 in
976 1919 1129 1964 filium.
1147 1922 1203 1963 Et.
1217 1919 1250 1964 si
1262 1919 1429 1964 venerit
1441 1919 1645 1980 iniquitas

250 2008 270 2031 »
289 1991 394 2050 ejus,
409 1989 799 2047 redarguamillum
810 1990 854 2033 in
867 1991 983 2048 virga
999 1991 1209 2048 virorum,
1223 1991 1317 2034 etin
1333 1990 1519 2035 tactibus
1531 1990 1643 2035 filio-

252 2078 272 2102 »
295 2077 391 2104 rum
410 2061 638 2105 hominum
656 2080 664 2105 :
685 2061 1021 2105 misericordiam
1048 2070 1193 2105 autem
1231 2077 1369 2104 meam
1400 2077 1489 2105 non
1517 2077 1645 2106 amo-

250 2148 271 2172 »
297 2146 419 2175 veam
434 2131 488 2174 ab
504 2146 569 2185 eo,
586 2131 698 2174 sieut
715 2131 1062 2191 amoviaquihus
1095 2130 1236 2175 amovi
1260 2147 1283 2174 a
1307 2129 1416 2175 faeie
1436 2147 1531 2175 mea
1566 2147 1575 2171 2
1602 2141 1646 2176 et

251 2219 271 2243 »
298 2200 436 2246 fidelis
452 2201 532 2246 erit
547 2200 701 2245 domus
717 2202 823 2262 ejus,
838 2212 879 2247 et
897 2218 1081 2261 regnum
1108 2203 1198 2262 ejus
1220 2201 1419 2262 usquein
1432 2211 1644 2246 aeternum

250 2291 272 2314 »
292 2288 437 2318 eoram
447 2282 583 2329 me,et
592 2273 773 2319 thronus
786 2275 875 2334 ejus
888 2274 967 2318 erit
983 2283 1149 2318 erectus
1162 2289 1299 2335 usque
1309 2273 1353 2318 in
1362 2275 1591 2318 aeternum¹
1601 2309 1609 2317 .
1621 2292 1640 2314 >›

311 2347 369 2388 11.
390 2346 512 2389 Hanc
535 2353 623 2389 tam
649 2343 857 2405 grandem
879 2344 1223 2406 promissionem,
1249 2344 1324 2406 qui
1347 2353 1473 2405 putat
1494 2344 1538 2389 in
1564 2346 1641 2390 Sa-

303 2449 348 2475 ¹2
364 2445 440 2486 l‘wg.
464 2455 518 2485 vn,
549 2443 636 2477 1-13.
