1742 2860
259 74 343 115 526
686 85 720 113 s.
756 81 984 111 Aucusnm
1015 83 1196 110 EPISCOH

256 148 449 194 tiendam
461 148 682 194 Christum
700 146 896 203 diligeret
908 149 1075 189 Petrus.
1093 147 1257 190 Deinde
1272 147 1339 192 isti
1353 145 1412 191 dii
1431 149 1506 208 qui
1521 158 1637 206 sunt,

258 220 333 281 qui
372 228 555 279 possunt
587 218 665 261 ista
695 215 929 276 praedicere
954 251 964 270 ,
999 231 1078 259 nce
1105 226 1286 275 possunt
1327 227 1543 273 avertere,
1583 219 1642 263 ita

258 288 589 334 succumbentes
621 287 693 331 uni
728 284 962 340 maleficio,
992 294 1035 328 et
1058 286 1133 328 uni
1157 285 1304 329 sceleri
1327 287 1517 345 magico,
1554 284 1642 349 quo

256 376 388 420 puer,
414 368 463 404 ut
489 358 664 412 dieunt,
692 354 920 400 anniculus
944 356 1126 411 occisus,
1147 366 1190 400 et
1214 356 1462 412 dilaniatus,
1486 367 1529 402 et
1558 359 1644 402 ritu

257 429 422 474 nefario
444 429 637 489 sepultus
663 436 742 481 est,
767 436 818 470 ut
839 436 999 470 sectam
1023 426 1102 469 sibi
1121 426 1406 471 adversariam
1430 437 1517 471 tam
1540 444 1642 488 pro-

256 501 341 546 lixo
373 511 567 560 tempore
601 497 900 544 convalescere
918 533 928 553 ,
962 507 1025 541 tot
1053 507 1356 558 tantarumque
1376 500 1643 558 persecutio-

257 587 363 616 num
386 570 622 615 horrendas
644 567 940 622 crudelitates,
967 584 1055 611 non
1079 568 1329 624 resistendo,
1351 569 1427 613 sed
1439 569 1643 629 patiendo

258 660 459 703 superare
474 679 485 698 ,
509 641 621 686 etad
638 656 814 685 suorum
836 639 1184 695 simulacrorum,
1205 639 1482 699 templorum,
1499 656 1643 685 sacro-

258 730 355 759 rum
371 750 382 769 ,
429 712 706 758 oraculorum
749 711 1012 755 eversionem
1057 711 1281 770 pervenire
1315 712 1645 770 permitterent?

259 786 363 838 Quis
381 795 598 844 postremo
624 793 687 827 cst
708 781 830 837 deus,
856 798 945 826 non
966 791 1111 825 noster
1134 782 1301 842 utique,
1327 781 1400 827 sed
1431 782 1640 841 ipsorum,

259 857 335 916 qui
351 855 419 900 vel
442 855 609 899 illectus
628 864 748 898 tanto
763 853 921 897 scelere
939 852 1008 897 Vel
1021 853 1231 912 impulsus
1251 863 1313 896 est
1330 854 1408 897 ista
1422 856 1644 912 praestare?

259 928 356 970 Non
379 925 494 968 enim
516 924 649 985 aliqui
669 923 855 968 <lte-moni
872 958 882 977 ,
912 922 987 966 sed
1008 922 1090 966 deo
1111 922 1261 966 dieunt
1281 922 1343 965 illi
1361 939 1528 978 versus,
1552 924 1643 968 haec

261 999 440 1040 Petrum
466 1005 556 1039 arte
582 995 744 1052 magica
767 993 981 1038 definisse.
1018 992 1165 1037 'salem
1188 993 1321 1037 deum
1348 993 1536 1049 habent,
1567 994 1644 1055 qui

260 1066 480 1111 Christum
500 1082 588 1110 non
610 1066 788 1110 habent.

264 1222 475 1237 WWWVNMI
481 1221 759 1237 ΣἋΊἋΜΝΝΑΑΝΑΑΛ
765 1221 1114 1236 νὶΛΛΛΑΜῆΑΙὶὙΜὶΛΝΑΛ
1120 1221 1648 1237 ὯἏῚΜΜΑΛΛΑΚΑΝἏΜΜΜΜᾸΝἋΜ

755 1355 970 1403 CAPUT
1027 1356 1155 1404 MV.

264 1499 341 1545 De
358 1498 631 1544 stultissimo
645 1497 897 1543 mendacio
927 1514 1260 1560 paganorum,
1295 1513 1387 1556 quo
1419 1497 1648 1542 christia-

322 1586 440 1614 nam
473 1568 748 1631 religionem
777 1584 871 1613 non
916 1568 1043 1613 ultra
1085 1569 1649 1629 lt‘ecentos-sexaginta-

324 1641 529 1698 quz'nque
551 1655 704 1683 annos
727 1655 1007 1683 mansuram
1025 1640 1403 1699 essefinoeerwzt.

326 1777 472 1818 LHAEC
495 1783 624 1834 atquc
646 1772 898 1834 hujusmodi
916 1773 1050 1816 multa
1070 1772 1346 1831 colligerem,
1387 1773 1420 1817 si
1453 1771 1649 1816 nondum

268 1861 405 1890 annus
426 1844 516 1904 ipse
540 1843 784 1898 transisset,
820 1858 951 1902 quem
987 1842 1195 1886 divinatio
1227 1843 1325 1886 fieta
1355 1842 1570 1902 promisit,
1607 1851 1650 1886 et

268 1916 449 1975 decepta
472 1915 638 1960 vanitas
661 1913 859 1957 eredidit.
887 1915 997 1957 Cum
1010 1929 1110 1956 vero
1127 1930 1175 1955 cx
1191 1929 1278 1972 quo
1294 1913 1477 1957 nominis
1492 1912 1650 1957 Christi

267 1986 410 2031 cultus
433 2002 508 2045 per
526 1986 615 2045 ejus
638 1985 679 2027 in
703 2000 831 2028 carne
853 1983 1125 2043 prscsentiain
1150 1993 1191 2027 et
1214 2000 1289 2042 per
1311 1982 1538 2043 Apostolos
1560 1983 1649 2026 ins-

268 2058 422 2101 titutus
432 2066 510 2111 est,
528 2065 627 2099 ante
642 2054 807 2114 aliquot
820 2070 954 2098 annos
970 2054 1071 2097 anni
1088 2054 1650 2115 trecenti-sexaginta—quin—

269 2143 354 2188 que
363 2125 565 2185 completi
576 2126 675 2179 sint,
690 2125 797 2184 quid
808 2123 926 2167 aliud
935 2124 1184 2184 quaerimus,
1197 2123 1401 2168 undcista
1414 2123 1572 2168 falsitas
1587 2140 1651 2168 rc-

268 2197 468 2242 fellaturP
486 2199 543 2240 Ut
564 2196 679 2239 enim
700 2196 744 2239 in
768 2195 925 2240 Christi
942 2195 1164 2238 nativitate
1186 2196 1315 2254 liujus
1333 2195 1391 2238 rei
1415 2211 1503 2239 non
1517 2211 1650 2255 pona-

270 2284 365 2312 mus
388 2267 575 2321 initium,
600 2265 701 2326 quia
720 2264 861 2308 infans
885 2274 926 2307 ct
948 2280 1056 2323 puer
1078 2264 1308 2324 discipulos
1330 2281 1419 2309 non
1442 2264 1645 2319 habebat,

271 2348 418 2382 tamen
440 2334 618 2397 quando
640 2335 798 2379 habere
821 2335 976 2394 coepit,
1008 2334 1160 2394 procul
1177 2334 1312 2378 dubio
1332 2344 1436 2379 tunc
1459 2335 1649 2379 innotuit

271 2424 348 2469 per
364 2409 453 2468 ejus
475 2405 743 2466 corporalem
764 2406 1032 2465 praesentiam
1059 2405 1253 2451 doctrina
1276 2415 1319 2450 et
1348 2404 1497 2464 religio
1514 2404 1648 2450 chris-
