1742 2860
301 132 385 172 196
734 145 767 171 s.
804 141 1031 172 Amns‘mm
1063 144 1244 172 EPISCOPI

301 229 322 252 »
348 223 514 266 escam,
536 218 579 255 et
600 208 701 270 quia
723 207 865 269 placet
887 208 1021 254 oculis
1045 208 1099 254 ad
1119 208 1359 255 videndum
1377 211 1405 254 ¹.
1427 228 1447 251 »
1467 211 1681 257 Patebant

295 296 400 341 ergo
423 280 537 326 oculi
561 295 711 325 eorum
726 315 736 335 ,
762 279 838 324 sed
859 278 913 323 ad
936 280 1019 324 hoc
1041 296 1131 324 non
1148 289 1272 324 erant
1293 280 1455 339 aperti,
1482 281 1564 326 hoc
1585 291 1677 338 est,

296 369 386 398 non
415 351 595 407 attenti,
620 360 670 396 ut
692 359 1004 409 cognoscerent
1031 350 1140 412 quid
1162 351 1221 395 eis
1250 350 1509 396 indumento
1532 352 1679 411 gratiae

289 430 569 484 praestaretur
578 455 593 478 ,
619 420 797 482 quando
819 421 1018 466 membra
1040 436 1191 466 eorum
1203 420 1420 466 voluntati
1437 437 1678 482 repugnare

289 492 557 538 nesciebant.
583 495 678 545 Qua
696 491 831 550 gratia
854 501 1046 548 remota,
1072 501 1123 536 ut
1141 507 1274 552 poena
1288 492 1506 551 reciproca
1520 493 1678 537 inobe-

289 562 453 608 dientia
474 562 738 623 plecteretur
754 598 764 618 ,
789 562 929 607 extitit
949 562 993 608 in
1013 572 1138 606 motu
1160 561 1352 622 corporis
1367 562 1570 623 quaedam
1591 563 1677 607 im-

287 633 457 695 pudens
475 633 641 678 novitas
655 668 666 689 ,
691 632 810 678 unde
827 641 936 677 esset
958 631 1162 677 indecens
1185 632 1386 688 nuditas,
1408 642 1451 677 et
1474 631 1578 680 fecit
1608 642 1676 678 at-

288 715 454 760 tentos,
480 703 758 765 reddiditque
781 702 999 749 confusos.
1031 703 1142 748 Hinc
1160 713 1223 748 est
1245 701 1366 764 quod
1394 712 1678 765 posteaquam

287 775 548 820 mandatum
571 774 649 821 Dei
672 784 819 835 aperta
850 773 1186 834 transgressione
1216 773 1437 819 violarunt
1469 774 1678 834 scriptum

286 855 350 890 est
371 845 425 890 de
446 845 529 890 illis
548 865 557 890 ε
587 864 606 888 «
627 848 684 889 Et
699 845 835 905 aperti
857 854 959 889 sunt
978 843 1093 888 oculi
1112 845 1342 889 amborum
1361 881 1371 900 ‚
1398 854 1442 889 et
1463 861 1679 904 cognove-

285 925 390 961 runt
411 916 513 977 quia
531 915 639 960 nudi
664 925 786 960 erant
803 951 814 971 ,
840 924 883 959 ct
900 925 1167 960 consuerunt
1189 914 1291 959 foiia
1312 915 1398 971 fici,
1419 924 1463 960 et
1476 915 1677 960 fecerunt

289 1005 310 1029 »
336 987 416 1031 sibi
445 986 701 1047 campestria
719 988 750 1030 ².
796 986 946 1045 Aperti
974 995 1104 1041 sunt,
1151 985 1318 1046 inquit,
1363 984 1478 1030 oculi
1518 986 1676 1031 ambo-

287 1075 308 1099 »
334 1073 431 1102 rum
449 1093 459 1113 ,
488 1075 509 1098 ³>
535 1072 624 1101 non
647 1056 701 1101 ad
722 1055 961 1100 videndum
976 1092 986 1112 ,
1012 1072 1113 1100 nam
1136 1064 1178 1099 et
1196 1064 1321 1099 antea
1345 1055 1553 1100 videbant
1571 1077 1581 1114 3
1601 1056 1676 1101 sed

283 1127 338 1172 ad
361 1127 698 1173 discernendum
721 1127 833 1170 inter
857 1127 1024 1171 bonum
1039 1125 1159 1187 quod
1177 1125 1435 1181 amiserant,
1453 1126 1675 1171 etmalum

282 1214 371 1259 quo
394 1199 654 1243 ceciderant.
684 1196 810 1242 Unde
833 1206 876 1241 et
898 1197 1042 1256 ipsum
1072 1195 1271 1255 lignum,
1311 1211 1362 1240 eo
1399 1195 1519 1256 quod
1550 1197 1676 1242 istam

283 1269 445 1313 faceret
474 1267 817 1327 dignoscentiam
835 1302 845 1321 ,
880 1267 914 1311 si
942 1266 997 1311 ad
1028 1266 1293 1310 vescendum
1316 1276 1466 1311 contra
1491 1268 1676 1312 vetitum

283 1347 558 1398 tangeretur,
586 1354 636 1382 ex
659 1353 707 1381 ea
732 1352 776 1381 re
800 1350 962 1381 nomen
985 1336 1177 1395 accepit,
1203 1345 1254 1380 ut
1279 1335 1571 1395 appellaretur
1588 1337 1675 1397 lig-

284 1425 391 1455 num
409 1408 572 1453 sciendi
602 1407 707 1452 boni
730 1416 774 1451 et
794 1406 911 1450 mali.
937 1409 1125 1466 Experta
1148 1407 1264 1450 enim
1286 1406 1428 1450 morbi
1450 1405 1644 1452 molestia
1661 1444 1672 1464 ,

286 1480 530 1525 evidentior
560 1479 609 1523 fit
637 1478 765 1522 etiam
792 1476 1043 1538 jocunditas
1070 1477 1277 1520 sanitatis.
1317 1496 1337 1519 «
1363 1479 1676 1535 Cognoverunt

289 1568 310 1592 »
332 1565 433 1609 ergo
456 1550 556 1611 quia
580 1548 689 1593 nudi
711 1557 833 1592 erant
862 1566 870 1592 :
899 1565 919 1587 »
954 1546 1107 1590 nudati
1134 1545 1297 1591 scilicet
1319 1562 1366 1591 ea
1391 1547 1550 1606 gratia,
1586 1565 1673 1609 qua

286 1621 420 1665 fiebat
437 1629 488 1664 ut
508 1618 683 1663 nuditas
723 1616 915 1678 corporis
951 1615 1073 1660 nulla
1110 1631 1181 1661 eos
1219 1616 1315 1675 lege
1350 1618 1517 1677 peccati
1529 1620 1666 1663 menti

285 1706 437 1735 eorum
466 1698 737 1749 repugnante
758 1686 1062 1732 confunderet.
1079 1687 1332 1748 Hocitaque
1346 1698 1647 1748 cognoverunt
1661 1724 1673 1745 ‚

285 1759 406 1822 quod
416 1757 582 1802 felicius
599 1758 863 1814 ignorarent,
883 1755 916 1799 si
930 1758 1019 1799 Deo
1034 1755 1257 1801 credentes
1270 1766 1312 1800 et
1322 1759 1574 1803 obedientes
1587 1775 1676 1805 non

285 1829 630 1882 committerent,
657 1825 777 1887 quod
795 1841 867 1871 eos
886 1834 1059 1886 cogeret
1083 1827 1263 1887 experiri
1281 1827 1510 1873 infidelitas
1524 1838 1566 1873 et
1579 1830 1676 1875 ino-

270 1899 507 1947 bedientia
540 1896 649 1959 quid
682 1905 904 1942 nocerent.
943 1896 1131 1942 Proinde
1165 1896 1335 1942 confusi
1377 1898 1673 1946 inobedientia

286 1971 425 2016 carnis
439 1985 542 2024 suae,
568 1977 778 2029 tanquam
794 1976 899 2011 teste
916 1983 1047 2027 poena
1064 1967 1372 2012 inobedientia}
1384 1983 1488 2025 suae,
1513 1989 1533 2013 «
1553 1973 1674 2016 Con-

289 2061 311 2085 »
333 2049 514 2086 suerunt
537 2038 638 2083 solia
661 2038 747 2092 fici,
773 2046 816 2082 ct
838 2036 1036 2081 fecerunt
1057 2038 1137 2081 sibi
1161 2038 1458 2098 campestriass,
1482 2058 1502 2082 »
1529 2041 1573 2085 id
1591 2051 1669 2099 est,

287 2109 573 2157 succinctoria
597 2107 864 2167 genitalium.
891 2109 998 2153 Nam
1021 2106 1198 2167 quidam
1226 2107 1482 2168 interpretes
1515 2130 1535 2153 «
1563 2114 1673 2157 Suc-

287 2181 526 2227 cinctoria»
543 2186 799 2238 posuerunt.
817 2181 950 2221 Porro
964 2187 1109 2221 autem
1127 2197 1146 2220 «
1163 2180 1428 2238 Campestria
1441 2199 1461 2222 »
1486 2180 1672 2228 latinum

288 2251 467 2315 quidem
489 2250 674 2295 verbum
695 2256 780 2304 est,
805 2245 880 2291 sed
902 2263 951 2291 cx
974 2262 1025 2292 eo
1047 2246 1212 2292 dictum
1226 2284 1236 2304 ,
1253 2249 1371 2309 quod
1380 2252 1577 2312 juvenes,
1595 2254 1670 2313 qui

289 2322 397 2367 nudi
420 2320 733 2365 exercebantur
754 2319 798 2362 in
821 2334 996 2378 eampo,
1022 2318 1226 2378 pudenda
1249 2321 1527 2379 operiebant:
1554 2323 1670 2367 unde

289 2393 365 2454 qui
387 2393 445 2436 ita
467 2390 673 2436 succincti
688 2398 789 2433 sunt
805 2423 815 2443 ,
832 2398 1137 2448 campestratos
1150 2389 1306 2449 vulgus
1320 2391 1521 2451 appellat.
1539 2393 1669 2447 Quod

339 2490 440 2521 ¹Gen.
464 2498 515 2530 m,
533 2486 565 2519 6.
586 2503 628 2509 ——
649 2485 754 2518 21hid.
774 2495 804 2527 7.
825 2501 865 2507 —
893 2482 994 2517 31bid.
1017 2495 1061 2524 xv,
1084 2484 1223 2526 7.jnxta
1236 2495 1305 2517 Lxx.
