1742 2860
240 89 296 129 88
649 96 683 127 s.
718 95 947 128 Aust-snm
977 99 1158 127 Emscorx

239 172 369 222 sunt3
392 178 472 209 nec
490 164 523 209 si
546 179 713 226 semper
734 164 913 211 fuerunt
926 201 937 221 ⁷
962 164 1060 211 ideo
1074 164 1268 211 Creatori
1281 166 1484 211 coaet'erni
1501 175 1616 211 sunt.

239 234 320 281 Ille
349 236 464 281 enim
493 252 661 298 semper
684 238 766 282 fuit
800 238 1040 282 aeternitate
1063 235 1323 282 immutabili
1347 257 1355 282 :
1381 237 1448 282 isti
1475 247 1621 283 autem

237 307 340 352 facti
372 316 497 366 sunt3
530 309 604 353 sed
636 308 735 354 ideo
766 325 933 368 semper
965 307 1095 353 [uisse
1126 308 1358 364 dicuntur,
1383 309 1483 370 quia
1505 309 1623 354 omni

238 387 435 439 tempore
464 379 664 435 fuerunt,
697 380 787 424 sine
814 380 973 441 quibus
1003 389 1194 441 tempora
1227 379 1350 424 nullo
1380 379 1511 426 modo
1533 395 1623 425 esse

237 459 479 511 potuerunt
510 467 519 492 ε
552 461 724 512 tempus
753 460 897 496 autem
921 452 1127 513 quoniam
1156 450 1448 496 mutabilitate
1480 460 1622 497 trans-

237 521 395 577 currit,
421 523 651 566 aeternitati
680 521 940 567 immutabili
962 539 1052 568 non
1073 531 1216 583 potest
1233 538 1321 568 esse
1339 531 1620 568 coaeternum.

238 596 301 638 Ac
318 608 396 653 per
416 592 501 638 1106
523 594 687 638 etiamsi
700 593 999 640 immortalitas
1020 594 1288 653 Angelorum
1309 611 1399 640 non
1416 596 1568 640 transit
1579 596 1626 640 in

238 673 456 725 tempore,
483 680 563 710 nec
586 667 801 726 praeterita
824 676 887 711 est
918 668 1039 728 quasi
1056 668 1147 727 jam
1169 681 1258 712 non
1280 667 1357 723 sit,
1374 682 1454 712 nec
1478 665 1627 712 futura

238 736 361 797 quasi
385 736 586 783 nondum
608 739 683 794 sit,
714 748 862 784 tamen
883 754 1035 784 eorum
1058 749 1217 796 motus‚
1248 739 1410 801 quibus
1431 748 1628 800 tempora

237 817 534 868 peraguntur,
560 825 612 854 ex
633 809 783 856 futuro
810 811 857 855 in
880 813 1149 872 praeteritum
1175 820 1402 856 transeunt
1430 830 1438 857 :
1463 821 1507 856 et
1528 809 1628 856 ideo

240 880 451 936 Creatori,
475 879 522 926 in
543 882 667 943 cujus
688 891 813 926 motu
835 880 1069 927 dicendum
1089 898 1179 928 non
1195 891 1259 928 cst
1274 881 1344 927 vel
1366 881 1495 927 fuisse
1509 880 1630 943 quod

233 951 324 1011 jam
342 966 432 996 non
452 953 505 997 sit
518 988 531 1008 ⁷
555 952 627 997 vel
649 951 850 999 futurum
867 969 961 1000 esse
977 954 1098 1016 quod
1115 953 1316 1000 nondum
1327 955 1404 1011 sit,
1425 954 1630 1000 coaeterni

239 1036 330 1068 esse
352 1039 443 1069 non
463 1035 662 1085 possunt.

300 1096 383 1139 ΙΙΙ.
419 1097 695 1157 Quapropter
717 1097 751 1142 si
773 1099 888 1142 Deus
911 1113 1080 1159 semper
1097 1097 1301 1143 dominus
1323 1096 1405 1143 fuit
1423 1134 1434 1155 ,
1462 1110 1631 1158 semper

239 1165 399 1212 habuit
431 1177 674 1213 creaturam
704 1184 782 1214 suo
813 1167 1058 1214 dominatui
1087 1170 1344 1215 servientem
1373 1191 1383 1228 3
1410 1177 1632 1214 verunita-·

241 1252 343 1282 men
360 1252 448 1283 non
472 1238 527 1283 de
548 1239 643 1300 ipso
666 1243 882 1299 genitam„
909 1241 984 1286 sed
1006 1241 1060 1286 ab
1086 1242 1178 1302 ipso
1199 1241 1253 1286 de
1275 1241 1411 1286 nihilo
1435 1240 1594 1286 factam
1618 1262 1629 1298 3

242 1323 323 1354 1166
341 1308 379 1353 61
397 1318 662 1355 coaeternam
683 1331 691 1355 :
712 1322 803 1356 erat
823 1312 986 1373 quippe
1009 1321 1107 1356 ante
1130 1311 1247 1356 illam
1263 1348 1274 1368 7
1295 1312 1492 1373 quamvis
1510 1310 1632 1356 nullo

241 1390 437 1440 tempore
459 1381 550 1426 sine
573 1381 646 1426 illa
669 1403 680 1440 3
700 1399 790 1428 non
808 1398 904 1428 eam
927 1384 1066 1444 spatio
1084 1392 1425 1439 transcurrente,
1447 1382 1520 1428 sed
1538 1398 1633 1428 ma-

241 1458 375 1495 nente
399 1452 693 1512 perpetuitate
714 1453 980 1515 praecedens.
1011 1453 1095 1499 Sed
1118 1454 1202 1499 1106
1230 1454 1267 1498 51
1288 1453 1553 1514 respondero
1575 1454 1634 1498 615

242 1523 319 1583 qui
342 1523 573 1584 requirunt
589 1561 599 1581 ,
633 1526 858 1587 quomodo
882 1542 1051 1586 semper
1072 1536 1266 1582 creator7
1302 1541 1470 1586 semper
1491 1524 1634 1570 domi-

241 1608 325 1639 nus
347 1593 431 1639 suit
448 1630 459 1651 ,
488 1596 522 1640 51
545 1605 744 1642 creatura
767 1598 955 1642 serviens
978 1614 1068 1643 non
1091 1613 1258 1658 semper
1281 1597 1365 1642 fuit
1390 1619 1400 1655 3
1425 1606 1500 1641 aut
1521 1613 1634 1658 quo·

242 1665 375 1710 modo
397 1675 543 1712 creata
574 1677 663 1725 651,
694 1678 737 1713 et
759 1685 848 1714 non
877 1671 1022 1730 potius
1044 1671 1239 1715 Creatori
1261 1679 1475 1715 coaeterna
1498 1679 1577 1725 est,
1603 1670 1637 1714 si

243 1751 412 1796 semper
448 1736 533 1780 fuit
565 1759 576 1795 3
615 1753 768 1783 vereor
803 1755 859 1783 116
892 1739 1058 1783 facilius
1086 1740 1256 1799 judicer
1279 1740 1494 1784 affirmare
1515 1740 1637 1801 quod.

242 1807 389 1852 1165610
409 1843 419 1864 ‚
445 1823 578 1869 quam
608 1809 765 1855 docere
786 1810 907 1872 quod
927 1811 1029 1855 scio.
1056 1811 1204 1855 Redeo
1227 1811 1358 1870 igitur
1380 1811 1434 1856 ad
1451 1811 1497 1856 id
1515 1811 1637 1872 quod

243 1881 423 1924 Creator
440 1890 589 1926 noster
605 1882 713 1927 scire
735 1898 814 1927 nos
836 1881 977 1927 voluit
999 1903 1006 1927 :
1031 1881 1105 1927 illa
1125 1898 1244 1939 veroy
1270 1899 1368 1944 quae
1382 1882 1451 1928 vel
1471 1883 1637 1943 sapien-

240 1950 427 1996 tioribus
460 1952 507 1995 in
539 1953 622 1999 hac
652 1954 741 1998 vita
766 1955 874 1998 scire
892 1954 1085 2014 permisit
1101 1991 1111 2009 ⁷
1136 1953 1206 1998 vel
1228 1954 1407 1999 omnino
1433 1953 1636 2015 perfectis

241 2021 287 2065 in
310 2020 391 2065 alia
411 2022 499 2066 vita
521 2023 710 2068 sciendia
738 2025 920 2069 servavit
941 2061 951 2077 „
978 2023 1092 2069 ultra
1114 2026 1224 2068 vires
1246 2040 1363 2069 meas
1385 2040 1474 2069 esse
1497 2026 1636 2070 consi-

242 2099 352 2135 teor.
382 2091 465 2136 Sed
487 2091 587 2138 idco
611 2096 759 2154 putavi
792 2095 881 2138 sine
904 2095 1192 2139 affirmatione
1213 2094 1464 2151 ‘tractanda7
1491 2105 1541 2140 ut
1561 2096 1638 2158 qui

238 2161 337 2207 haec
366 2161 547 2222 legunt,
584 2164 761 2210 videant
790 2184 812 2210 0
838 2167 997 2227 quibus
1021 2167 1312 2228 quaestionum
1336 2166 1537 2228 periculis
1560 2167 1638 2212 de-

240 2232 378 2279 beant
406 2244 649 2296 temperare
666 2275 676 2294 ,
708 2254 788 2282 nee
816 2237 869 2281 ad
895 2239 1038 2283 omnia
1067 2256 1110 2283 se
1132 2239 1309 2283 idoncos
1339 2239 1634 2298 arbitrentur3

243 2306 479 2369 potiusque
499 2309 750 2369 intelligant
773 2325 906 2373 quam
930 2312 982 2355 sit
1010 2310 1218 2372 Apostolo
1241 2311 1637 2373 obtemperandum

245 2379 514 2440 praecipienti
530 2380 775 2437 salubriter,
800 2381 878 2426 ubi
896 2383 954 2427 ait
974 2402 981 2427 :
1012 2404 1032 2425 «
1050 2383 1156 2429 Dico
1177 2393 1325 2429 autem
1336 2399 1414 2444 per
1435 2383 1631 2442 gratiam,

246 2465 267 2488 ³>
303 2465 404 2511 quae
438 2450 539 2498 data
570 2462 634 2498 est
666 2453 799 2509 mihi,
831 2453 1033 2500 omnibus
1061 2455 1138 2516 qui
1166 2465 1269 2501 sunt
1299 2456 1344 2501 in
1371 2454 1518 2505 vobis,
1544 2470 1634 2500 non
