1742 2860
274 131 359 170 290
706 138 739 163 s.
775 134 1005 162 Anous‘nm
1038 133 1219 161 EPISCOPI

274 205 435 260 Heber‚
460 203 589 248 etlam
610 201 714 261 ipsi,
738 199 888 254 idest,
916 199 993 259 ipsi
1020 201 1117 244 Sem
1146 206 1273 242 natus
1303 205 1366 242 est
1387 197 1549 254 Heher,
1576 199 1652 259 qui

275 280 374 323 Sem
386 284 508 336 pater
520 282 585 318 est
598 272 794 318 omnium
813 270 1002 315 filiorum
1016 285 1209 315 suorum,
1228 271 1329 315 Sem
1343 283 1446 328 ergo
1466 269 1652 329 patriar-

271 349 398 394 cham
428 344 610 403 intelligi
642 342 781 387 voluit
814 342 1010 387 omnium
1043 341 1120 401 qui
1148 340 1203 385 de
1241 340 1372 399 stirpe
1404 341 1497 400 ejus
1519 342 1653 386 exorti

272 428 400 475 sunt,
429 433 538 478 quos
561 422 978 460 commemoraturus
1000 421 1064 457 est
1079 445 1090 466 ,
1111 411 1198 456 sive
1219 410 1306 457 sint
1324 410 1401 457 filii
1419 446 1431 465 ‚
1455 412 1543 458 sive
1575 427 1655 459 ne-

264 500 387 554 potes
406 525 418 546 ‚
437 489 522 534 sive
541 492 802 547 pronepotes
817 519 828 540 ‚
854 491 898 529 et
924 482 1127 542 deinceps
1148 480 1344 527 indidem
1376 483 1527 529 exorti.
1554 485 1653 530 Non

267 576 370 607 sane
391 560 523 604 istum
541 557 685 601 Heber
705 555 855 614 genuit
870 556 968 600 Sem
990 573 999 601 2
1024 552 1100 598 sed
1122 552 1177 597 ab
1199 550 1274 597 illo
1291 551 1469 613 quintus
1490 553 1536 601 in
1551 569 1654 613 pro-

269 633 515 693 genitorum
545 629 651 673 serie
688 627 915 687 reperitur.
950 627 1049 671 Sem
1080 624 1243 685 quippe
1267 624 1380 668 inter
1406 623 1511 669 alios
1544 624 1653 671 filios
1708 679 1722 691 .

265 703 417 762 genuit
439 699 674 759 Arphaxat‚
699 698 920 757 Arphaxat
937 696 1088 755 gennit
1109 697 1294 750 cainan,
1314 697 1483 740 Cai'nan
1505 695 1655 753 genuit

267 773 381 829 Sala,
404 771 499 817 Sala
523 770 672 830 genuit
704 768 864 814 Heber.
897 770 995 814 Non
1021 767 1175 827 utique
1197 764 1356 810 frustra
1376 765 1466 825 ipse
1490 765 1653 825 primus

263 853 328 890 est
350 843 598 889 nominatus
620 841 665 884 in
693 838 900 899 progenie
926 837 1128 884 veniente
1150 837 1205 881 de
1227 839 1325 881 Sem
1341 871 1352 891 ‚
1379 845 1422 882 et
1448 835 1654 896 praelatus

264 915 395 960 etiam
417 912 537 968 filiis,
566 926 667 956 eum
693 911 748 955 sit
780 909 961 970 quintus
984 923 1148 967 nepos3
1179 907 1259 952 nisi
1287 907 1389 967 quia
1408 922 1563 953 verum
1589 916 1654 952 est

264 986 386 1048 quod
407 983 609 1039 traditur,
631 998 681 1027 ex
702 980 777 1025 illo
805 979 1012 1025 Hebraeos
1040 994 1129 1023 esse
1150 978 1498 1036 cognominatos²
1514 1014 1526 1034 ‚
1553 988 1652 1024 tan-

262 1071 396 1118 quam
420 1054 652 1099 Heberaeos
681 1071 689 1096 ;
721 1066 822 1096 cum
850 1058 893 1093 et
921 1048 1002 1093 alia
1033 1049 1167 1108 possit
1199 1063 1290 1092 esse
1321 1048 1497 1107 opinio,
1523 1058 1574 1094 ut
1602 1065 1653 1094 ex

261 1126 485 1173 Abraham
506 1133 716 1184 tanquam
738 1119 943 1166 Abrahaei
966 1118 1071 1164 dieti
1093 1134 1182 1163 esse
1202 1117 1450 1162 videantur.
1476 1118 1562 1164 Sed
1582 1120 1652 1164 ni-

259 1199 420 1243 mirum
439 1196 524 1241 hoe
546 1209 699 1240 verum
722 1200 800 1247 est,
826 1189 948 1251 quod
970 1205 1021 1234 ex
1050 1188 1196 1233 Heber
1220 1188 1420 1233 Heberaei
1448 1188 1653 1249 appellati

259 1277 390 1325 sunt·⁷
414 1283 463 1312 ae
481 1265 654 1319 deinde,
680 1280 767 1308 una
786 1261 980 1307 detracta
1002 1260 1161 1314 littera,
1184 1259 1360 1303 Hebraei
1382 1278 1392 1304 z
1422 1275 1555 1319 quam
1568 1259 1653 1305 lin-

263 1353 394 1398 guam
427 1336 679 1382 hebraicam
703 1331 818 1378 solus
848 1330 981 1376 Israel
1016 1329 1206 1390 populus
1240 1329 1388 1389 potuit
1425 1329 1648 1385 obtinere,

260 1409 309 1454 in
319 1423 408 1470 quo
421 1405 499 1451 Dei
515 1404 676 1449 Civitas
696 1411 739 1446 et
755 1402 801 1445 in
818 1401 975 1445 sanetis
992 1400 1265 1459 peregrinata
1286 1408 1365 1453 est,
1385 1408 1428 1443 et
1448 1399 1493 1443 in
1510 1399 1654 1445 omni-

262 1479 346 1523 bus
379 1484 649 1523 sacramento
692 1471 969 1517 adumbrata.
1011 1469 1149 1528 Igitur
1185 1467 1262 1513 filii
1297 1471 1397 1514 Sem
1433 1470 1554 1529 prius
1582 1486 1653 1516 sex

259 1550 543 1595 nominantur
561 1581 572 1601 ,
596 1542 753 1590 deinde
777 1559 828 1588 ex
849 1557 938 1587 uno
961 1555 1115 1585 eorum
1137 1538 1228 1585 nati
1249 1548 1351 1585 sunt
1367 1549 1556 1600 quatuor
1571 1557 1652 1588 ne·-

258 1629 382 1680 potes
405 1619 520 1678 ejus;
548 1616 743 1673 itemque
767 1613 874 1657 alter
895 1611 1087 1656 filiorum
1111 1613 1209 1656 Sem
1233 1610 1385 1669 genuit
1406 1613 1498 1672 ejus
1520 1628 1654 1672 nepo-

258 1699 363 1745 tem,
389 1696 521 1748 atque
547 1700 599 1729 ex
619 1682 695 1728 illo
722 1680 872 1727 itidem
896 1696 1112 1741 pronepos
1136 1689 1263 1725 natus
1285 1689 1372 1737 est,
1397 1690 1530 1741 atque
1550 1681 1652 1728 inde

258 1760 450 1820 abnepos
464 1793 475 1813 ‚
504 1756 582 1818 qui
603 1763 668 1800 est
691 1752 850 1799 Heber.
877 1753 1038 1798 Genuit
1059 1760 1205 1796 autem
1224 1751 1369 1796 Heher
1391 1750 1500 1799 duos
1522 1752 1647 1810 filios,

257 1844 449 1892 quorum
489 1841 629 1872 unum
661 1822 896 1885 appellavit
928 1821 1118 1868 Phaleeh
1139 1856 1150 1877 ‚
1189 1821 1310 1883 quod
1341 1822 1651 1884 interpretatur

258 1899 472 1947 dividens,
498 1895 666 1943 Deinde
691 1895 914 1956 Scriptura
937 1893 1223 1954 subjungenS,
1248 1893 1549 1955 rationemque
1569 1896 1651 1940 hu-

250 1975 322 2034 jus
344 1969 531 2017 nominis
544 1966 729 2013 reddens
751 1985 760 2011 :
790 1986 810 2009 «
830 1966 941 2019 Quia
957 1965 1002 2010 in
1024 1965 1194 2021 diebus,
1220 1959 1379 2025 inquit,
1404 1967 1496 2026 ejus
1512 1966 1649 2012 divisa

262 2061 285 2084 >›
319 2050 384 2086 est
404 2050 518 2086 terra
530 2040 592 2084 2.»
612 2040 704 2084 Hoc
719 2046 864 2082 autem
882 2034 989 2097 quid
1011 2036 1079 2091 sit,
1100 2044 1248 2095 postea
1265 2036 1504 2094 apparebit.
1527 2036 1649 2083 Alius

258 2127 362 2157 vero
384 2110 460 2172 qui
493 2116 620 2153 natus
642 2116 706 2151 est
728 2121 778 2150 ex
802 2105 947 2150 Heber
963 2140 973 2160 ‚
1000 2104 1151 2165 genuit
1172 2104 1405 2149 duodecim
1428 2104 1538 2150 filios
1564 2126 1574 2153 ;
1598 2123 1648 2152 ac

257 2198 337 2243 per
356 2182 441 2226 hoe
470 2179 585 2223 fiunt
610 2193 758 2222 omnes
776 2175 988 2237 progeniti
1011 2174 1065 2219 de
1094 2176 1190 2220 Sem
1212 2174 1572 2235 viginti-septem.
1594 2179 1646 2222 In

257 2265 427 2297 summa
448 2248 580 2307 igitur
602 2262 749 2292 omnes
771 2245 988 2306 progeniti
1010 2245 1064 2289 de
1082 2244 1219 2289 tribus
1243 2244 1340 2289 filiis
1362 2247 1467 2300 Noe,
1494 2245 1540 2290 id
1562 2255 1643 2303 est,

254 2319 506 2384 quindecim
531 2317 585 2362 de
620 2317 804 2376 Japhet,
839 2324 881 2359 et
915 2314 1262 2374 tringinta-unus
1293 2314 1347 2359 de
1370 2315 1508 2361 Cham
1528 2351 1539 2372 ‚
1575 2317 1643 2361 vi-

256 2392 552 2450 ginti-septem
574 2387 627 2431 de
654 2389 772 2442 Sem,
806 2387 918 2430 fiunt
945 2386 1346 2445 septuaginta-tres.
1383 2385 1548 2431 Deinde
1574 2402 1641 2432 se-

305 2498 402 2531 ¹vide
420 2509 451 2530 11.
468 2499 612 2529 Retract.
638 2506 707 2527 xvi.
725 2513 765 2516 ——
796 2502 806 2517 ²
822 2497 900 2527 Gen.
918 2505 951 2535 x,
971 2494 1023 2526 23.
