1742 2860
249 137 330 176 162
668 148 701 175 s.
737 144 965 175 AtJGUsTlNI
1000 145 1179 175 EPISCOPI

242 217 553 258 Verumtamen
579 212 654 274 qui
682 212 825 258 omnia
858 212 1013 257 anima:
1044 212 1157 258 mala
1187 227 1237 258 ex
1259 227 1439 275 corpore
1466 222 1624 276 putant

243 285 466 340 accidisse,
488 285 530 328 in
554 300 696 328 errore
721 293 837 328 sunt.

304 359 359 399 11.
386 354 589 408 Quamvis
618 354 732 397 enim
759 352 962 412 Virgilius
989 352 1252 413 platonicam
1275 354 1473 403 videatur
1495 354 1623 402 lucu-

240 426 366 472 lentis
387 425 581 471 versibus
603 424 812 484 explicare
834 423 1093 470 sententiam
1111 460 1122 481 ,
1148 424 1296 472 dicens
1318 446 1327 473 2

418 514 529 553 lgneus
546 514 594 543 est
608 510 673 543 ollis
691 510 792 552 vigor,
813 513 847 542 et
865 510 1000 544 coelestis
1018 510 1104 553 origo

418 567 596 600 Seminibus
610 593 618 609 ,
638 570 790 610 quantum
808 576 871 598 non
889 566 982 600 noxia
1001 577 1133 610 corpora
1154 567 1302 611 tardant,

418 624 609 667 Tei-ronique
627 622 784 656 hebetant
802 626 888 655 artus
906 623 1158 668 moribundaque
1171 624 1317 658 membra
1332 629 1342 649 ¹
1362 636 1371 657 ε

237 705 472 750 omnesque
494 688 586 733 illas
609 688 851 733 notissimas
874 697 1063 750 quatuor
1085 689 1220 734 animi
1240 688 1592 750 perturbationes
1609 726 1621 748 ,

237 760 520 821 cupiditatem
534 794 545 815 ,
563 759 761 804 timorem
774 794 785 815 ‚
801 758 996 804 laetitiam
1013 795 1023 816 ,
1041 760 1257 806 tristitiam
1274 795 1285 816 ,
1303 761 1426 822 quasi
1440 761 1625 821 origines

236 830 431 876 omnium
469 839 745 890 peccatorum
779 839 909 891 atque
940 829 1148 874 vitiorum
1175 829 1327 876 volens
1359 829 1542 893 intelligi
1574 846 1626 877 ex

235 917 416 963 corpore
444 900 637 946 accidere
660 937 671 957 ‚
708 901 945 963 subjungat
964 910 1008 946 et
1031 901 1147 947 dicat
1169 921 1178 948 ;

414 989 492 1022 Hinc
510 992 660 1021 metuunt
680 988 887 1033 cupiuntque,
903 987 1012 1020 dolent
1029 988 1244 1033 gaudentque,
1262 998 1323 1022 nec
1336 997 1428 1022 auras

411 1044 602 1087 Stispieiunt,
623 1044 737 1078 clausa:
755 1043 897 1076 tenebris
919 1048 953 1076 et
971 1053 1104 1076 carcero
1122 1051 1234 1077 caeco⁹
1254 1056 1261 1077 ι

235 1121 381 1156 tamen
414 1108 537 1155 aliter
567 1125 613 1155 se
645 1109 779 1155 habet
812 1107 919 1154 fides
952 1117 1114 1154 nostra.
1151 1112 1263 1156 Nam
1283 1109 1506 1171 corruptio
1528 1124 1625 1155 cor-

232 1183 347 1244 poris
361 1218 371 1238 ,
393 1198 491 1242 qnae
505 1191 709 1242 aggravat
727 1181 916 1226 animam
928 1216 939 1237 ‚
960 1196 1050 1225 non
1065 1182 1231 1242 peccati
1252 1181 1380 1242 primi
1400 1190 1463 1227 est
1476 1197 1621 1238 causa,

234 1252 310 1298 sed
342 1267 507 1312 poena3
541 1267 621 1297 nee
649 1267 748 1298 caro
777 1250 1071 1310 corruptibilis
1102 1251 1292 1296 animam
1311 1251 1622 1312 peccatricem,

232 1323 308 1369 sed
330 1324 472 1367 anima
493 1323 707 1383 peccatrix
730 1321 833 1369 fecit
866 1337 955 1368 esse
988 1322 1319 1383 corruptibilem
1344 1338 1534 1369 carnem.
1561 1326 1625 1369 Ex

232 1411 318 1456 qua
341 1394 619 1454 corruptione
635 1394 774 1439 earnis
797 1392 899 1438 licet
921 1392 1106 1438 existant
1123 1392 1327 1454 quaedam
1344 1394 1625 1440 incitamenta

230 1466 435 1510 vitiorum
451 1499 461 1519 ‚
489 1474 532 1509 et
550 1463 640 1523 ipsa
662 1462 874 1508 desideria
890 1463 1043 1510 vitiosa
1062 1499 1073 1519 ,
1094 1480 1184 1509 11011
1202 1473 1348 1509 tamen
1366 1464 1510 1510 omnia
1522 1464 1625 1512 vitae

230 1537 394 1596 iniqute
411 1536 513 1580 vitia
530 1533 764 1580 tribuenda
779 1543 881 1579 sunt
897 1535 1041 1590 carni,
1066 1551 1120 1580 ne
1139 1535 1194 1580 ab
1212 1536 1278 1580 his
1296 1535 1500 1583 omnibus
1521 1552 1625 1597 pur-

233 1622 383 1667 gemus
406 1605 657 1660 diabolum,
693 1605 769 1666 qui
791 1621 881 1649 11011
902 1606 1038 1650 habet
1058 1622 1248 1651 carnem.
1275 1607 1369 1652 Etsi
1390 1607 1507 1652 enim
1527 1607 1624 1654 dia-

233 1677 362 1723 bolus
385 1676 622 1723 fornicator
643 1675 713 1721 vel
731 1676 952 1732 ebriosus,
978 1675 1049 1721 vel
1066 1677 1099 1721 si
1121 1677 1230 1739 quid
1249 1678 1499 1739 hujusmodi
1520 1678 1624 1724 mali

233 1759 298 1794 cst
319 1747 439 1810 quod
462 1748 516 1793 ad
538 1747 677 1792 carnis
703 1747 894 1808 pertinet
920 1746 1191 1808 voluptates,
1217 1764 1307 1795 11011
1335 1758 1477 1809 potest
1511 1749 1619 1807 dici,

234 1836 335 1865 011111
358 1819 411 1864 sit
434 1819 563 1864 etiam
585 1817 739 1864 talium
761 1826 1042 1877 peccatorum
1060 1834 1208 1863 suasor
1235 1829 1278 1864 et
1299 1819 1527 1879 instigator
1548 1836 1623 1865 oc-

233 1891 377 1936 cultus
404 1911 413 1936 :
440 1899 503 1935 est
524 1899 671 1935 tamen
692 1890 878 1935 maxime
899 1890 1112 1950 superbus
1135 1899 1267 1952 atque
1287 1890 1477 1937 invidus,
1513 1894 1622 1946 Quae

234 1962 359 2008 illum
375 1962 582 2007 vitiositas
600 1961 659 2007 310
682 1960 874 2006 obtinuit
890 1996 900 2016 ,
926 1970 977 2006 ut
999 1970 1177 2022 propter
1195 1962 1308 2007 hanc
1331 1971 1440 2007 esset
1458 1962 1503 2006 in
1525 1978 1621 2008 car-

234 2033 404 2078 ceribus
427 2031 648 2092 caliginosi
670 2032 798 2092 liujus
821 2030 928 2076 aeris
946 2041 1110 2077 aeterno
1128 2031 1340 2092 supplicio
1363 2032 1616 2080 destinatus.

233 2107 337 2150 Haec
371 2113 517 2148 autem
548 2103 667 2159 vitia,
686 2118 784 2163 quae
817 2111 969 2149 tenent
1000 2102 1046 2149 in
1079 2101 1256 2150 diabolo
1292 2103 1587 2164 principatum
1604 2140 1617 2162 ‚

234 2174 352 2220 carni
380 2174 531 2217 tribuit
563 2172 794 2232 Apostolus
827 2188 959 2233 quam
989 2182 1156 2220 certum
1187 2182 1250 2219 cst
1283 2173 1507 2219 diabolum
1530 2191 1619 2220 non

234 2247 408 2290 habere.
431 2244 541 2289 Dicit
555 2245 668 2288 0111111
683 2244 944 2300 inimicitias,
962 2245 1259 2291 contentiones
1272 2281 1282 2301 ⁷
1301 2245 1614 2303 minulationes,

235 2317 523 2361 animositates
535 2351 545 2371 ‚
562 2314 758 2371 invidias,
781 2331 910 2375 opera
926 2331 1014 2361 esse
1028 2317 1201 2363 carnis³:
1220 2333 1407 2378 quorum
1422 2318 1616 2362 omnium

234 2387 448 2434 malornm
469 2396 601 2448 caput
621 2396 751 2448 atquc
773 2388 893 2446 origo
911 2387 1114 2450 superbia
1138 2397 1222 2444 est,
1248 2405 1348 2451 quae
1373 2389 1465 2435 sine
1487 2404 1615 2436 carne

284 2492 292 2508 ¹
308 2485 393 2527 Yirg.
413 2485 534 2521 ΛΞΜ-111.
555 2495 598 2517 vx.
620 2500 661 2510 -·
687 2484 793 2518 ’11)111.
815 2501 856 2508 --
881 2482 971 2519 ³Gal.
993 2495 1024 2527 r,
1045 2494 1098 2518 20.
