1742 2860
229 81 310 120 398
659 91 690 117 s.
729 88 957 117 Arc-Usum
990 90 1166 116 Episcopi

228 165 403 216 propter
426 154 610 199 formam
629 155 757 209 servi,
784 170 913 213 quam
949 153 1002 196 ‹le
1040 154 1200 198 semiue
1219 153 1355 197 David
1376 153 1492 197 idem
1515 155 1609 197 Mc-

230 228 371 272 diator
385 227 610 286 assumpsit
624 242 673 269 ex
688 225 1105 283 Virgine.(]onti11uo
1120 226 1246 268 etiam
1266 224 1424 268 dicitur
1438 224 1492 267 de
1506 240 1609 283 pec-

229 300 333 344 catis
352 297 540 341 filiorum
563 299 652 357 ejus
688 296 770 340 tale
794 295 959 356 aliquid
974 332 983 350 ,
1005 297 1133 356 quale
1156 298 1200 341 in
1224 301 1474 354 Regnorum
1499 294 1612 339 libro

229 370 421 430 positum
441 378 526 423 est,
563 377 604 411 et
627 368 747 427 quasi
780 366 834 411 de
860 366 1088 421 Salomone
1117 367 1351 427 proclivius
1386 367 1610 426 accipitur.

232 440 300 484 Ibi
319 455 523 499 namque,
548 439 631 482 hoc
651 447 713 481 est
729 472 739 492 ,
760 437 805 480 in
830 441 1079 496 Regnorum
1103 438 1267 482 librom<
1293 440 1348 481 Et
1365 438 1395 481 si
1421 437 1612 492 venerit,

234 529 254 552 »
281 510 445 570 inquit,
466 509 670 569 iniquitas
684 509 790 568 ejus,
808 509 1063 567 redarguam
1077 508 1201 552 illum
1219 509 1264 552 in
1274 507 1394 567 virga
1404 508 1614 563 virorum,

233 601 254 624 »
280 591 322 625 et
344 581 389 624 in
415 580 599 624 tactibus
621 579 809 624 filiorum
832 581 1060 624 hominum
1085 600 1094 625 ι
1119 578 1455 625 misericordiam
1472 587 1619 623 autem

233 671 254 695 »
280 667 421 696 meam
444 667 533 696 non
556 667 779 695 amoveam
802 651 856 695 ab
878 655 972 709 00¹3
997 671 1016 693 n
1043 652 1230 696 tactibus
1252 650 1500 709 significans
1522 648 1619 709 pla-

232 739 305 783 gas
327 722 623 782 correptionis.
651 721 775 767 Unde
797 721 908 765 illud
929 731 992 766 est
1006 758 1016 777 ‚
1053 742 1073 764 ι(
1098 724 1160 766 Ne
1179 720 1404 780 tetigeritis
1428 720 1621 765 Christos

237 812 259 835 »
278 793 433 838 meos².
463 810 483 833 n
509 792 639 845 Quod
661 790 768 852 quid
786 801 849 836 est
866 790 1001 846 aliud,
1027 808 1175 853 quam,
1194 793 1281 836 «Ne
1299 790 1542 835 laeseritis?»
1569 791 1622 833 In

233 861 404 908 Psalmo
425 878 528 907 vero
544 878 646 907 cum
684 871 829 921 ageret
851 871 1061 923 tanquam
1089 862 1143 906 de
1161 861 1321 916 David,
1345 870 1396 905 ut
1412 859 1624 922 quiddam

233 933 446 996 ejusmodi
479 934 608 978 etiam
640 933 702 977 ibi
738 931 902 977 diceret
929 949 937 974 :
963 953 983 976 «
1014 933 1057 978 Si
1079 932 1417 993 dereliquerint,
1453 931 1620 992 inquit,

236 1024 257 1047 »
282 1004 361 1049 filii
394 1006 484 1065 ejus
499 1003 640 1061 legem
652 1018 793 1047 meam
810 1038 820 1058 ,
837 1012 881 1046 et
910 1003 956 1047 in
974 1002 1148 1064 judiciis
1178 1004 1281 1048 meis
1305 1018 1394 1048 non
1422 1000 1624 1047 ambula-

236 1095 258 1117 »
277 1075 436 1133 verint,
457 1075 490 1119 si
506 1074 838 1135 justificationes
857 1089 973 1118 meas
997 1074 1344 1134 profanaverint,
1366 1072 1626 1117 etmandata

238 1165 258 1187 »
271 1161 366 1190 mea
380 1161 470 1190 non
483 1143 784 1201 custodierint,
801 1144 988 1188 visitabo
1001 1144 1047 1188 in
1059 1144 1178 1204 virga
1187 1144 1439 1204 iniquitates
1455 1159 1622 1198 eorum,

238 1235 259 1257 n
284 1225 328 1261 et
349 1216 395 1259 in
417 1214 598 1274 flagellis
611 1213 768 1259 delicta
781 1230 932 1258 eorum
947 1235 955 1259 :
968 1215 1310 1260 miscricordiam
1328 1224 1471 1259 autem
1485 1229 1627 1258 meam

239 1305 259 1328 n
285 1302 376 1331 non
393 1285 638 1345 dispergam
661 1285 715 1328 ab
730 1286 846 1329 eo³.»
861 1288 957 1330 Non
969 1285 1090 1342 dixit,
1112 1306 1131 1328 «
1146 1287 1214 1331 Ab
1229 1287 1303 1341 eis,
1319 1305 1338 1327 n
1354 1301 1455 1330 cum
1472 1285 1627 1347 loque-

237 1366 357 1401 retur
378 1356 433 1400 de
454 1355 550 1399 filiis
574 1356 664 1415 ejus
681 1391 691 1410 ,
718 1370 808 1399 non
828 1354 882 1398 de
905 1356 998 1415 ipso
1036 1371 1044 1396 ε
1087 1355 1163 1400 sed
1184 1356 1315 1411 dixit,
1353 1376 1373 1398 «
1407 1356 1476 1400 Ab
1500 1372 1573 1413 eo,
1603 1374 1623 1396 »

240 1428 484 1489 quodbene
497 1426 769 1470 intellectum
788 1426 1061 1471 tantumdem
1078 1427 1208 1472 valet.
1220 1431 1318 1473 Non
1336 1427 1452 1471 enim
1470 1427 1630 1472 Christi

239 1499 398 1560 ipsius,
424 1498 546 1558 quod
582 1507 647 1542 est
677 1507 809 1557 caput
840 1498 1065 1554 Ecclesiae,
1110 1508 1287 1559 possent
1311 1498 1495 1543 inveniri
1538 1497 1628 1542 ulla

239 1578 441 1631 peccata,
467 1584 565 1628 quae
594 1584 702 1628 opus
726 1578 836 1612 esset
864 1570 1066 1613 humanis
1097 1569 1443 1629 correptionibus
1466 1578 1630 1613 servata

240 1638 533 1685 misericordia
563 1637 769 1683 divinitus
805 1641 1021 1697 coerceri3
1063 1641 1140 1684 scd
1171 1640 1215 1683 in
1248 1641 1338 1700 ejus
1370 1654 1551 1699 corpore
1582 1655 1631 1684 ac

242 1710 471 1765 membris,
495 1708 615 1770 quod
637 1709 825 1769 populus
843 1711 932 1770 ejus
955 1720 1032 1754 cst.
1052 1710 1157 1754 Ideo
1179 1710 1225 1754 in
1244 1710 1357 1754 libro
1379 1713 1632 1767 Regnorum

246 1803 267 1825 «
292 1782 497 1843 iniquitas
519 1782 610 1841 ejus
636 1800 655 1822 >›
683 1781 867 1840 dicitur,
899 1782 943 1825 in
977 1781 1147 1826 Psalmo
1184 1792 1351 1837 autem,
1379 1781 1632 1826 «Filiorum

247 1873 268 1895 »
290 1854 380 1913 ejus
398 1872 407 1897 2
436 1870 455 1893 >›
481 1861 531 1895 ut
553 1851 844 1910 intelligamus
857 1852 911 1896 de
926 1853 1018 1912 ipso
1032 1851 1116 1896 dici
1135 1852 1326 1913 quodam
1339 1851 1471 1896 modo
1488 1887 1497 1907 ,
1512 1850 1634 1912 quod

245 1924 300 1968 de
323 1924 412 1984 ejus
430 1938 610 1982 corpore
632 1922 806 1966 dicitur.
829 1926 1010 1981 Propter
1029 1922 1293 1982 quodetiam
1310 1923 1400 1982 ipse
1422 1922 1477 1966 de
1500 1921 1629 1977 coelo,

246 2010 347 2038 cum
365 2009 521 2053 corpus
543 1994 632 2053 ejus
649 2028 659 2047 ,
685 1991 806 2053 quod
832 2001 934 2037 sunt
969 1992 1117 2037 fideles
1141 1994 1230 2054 ejus
1248 2028 1259 2048 ,
1298 1992 1452 2038 Saulus
1486 2008 1632 2052 persc-

247 2073 470 2125 queretur,
496 2083 515 2105 «
544 2063 693 2118 Saule,
714 2063 877 2123 inquit,
902 2062 1028 2108 Saule
1050 2063 1158 2124 quid
1180 2063 1587 2123 111eperscqtoeris⁴P
1610 2082 1629 2104 υ

248 2133 413 2180 Deinde
430 2135 474 2178 in
488 2134 854 2194 consequentibus
870 2134 1025 2178 Psalmi
1044 2153 1083 2178 ια
1098 2137 1249 2193 Neque
1268 2133 1452 2188 nocebo,
1470 2134 1628 2193 inquit,

252 2224 271 2247 »
298 2205 343 2248 in
360 2204 539 2249 veritate
562 2220 681 2259 mea,
708 2219 850 2265 neque
868 2204 1108 2264 profanabo
1132 2213 1437 2248 testamentum
1455 2220 1601 2248 meum
1618 2240 1629 2260 ,

253 2295 273 2317 >›
299 2286 454 2337 etqua}
477 2275 720 2336 procedunt
742 2274 795 2319 dc
817 2275 941 2320 labiis
975 2276 1075 2320 meis
1098 2292 1186 2320 non
1206 2276 1462 2335 reprobabo.
1492 2274 1633 2321 Semel

300 2390 342 2415 ¹2
366 2386 443 2425 Πομ.
470 2395 534 2425 vu,
565 2382 622 2425 14,
651 2382 701 2415 15.
734 2399 771 2405 --
798 2390 810 2405 ²⁹
831 2383 908 2415 Psal.
929 2393 996 2419 civ,
1027 2382 1076 2414 15.
1103 2400 1143 2406 »-
1171 2382 1420 2422 1²1d.txuvn1,
1446 2381 1563 2424 31—35.
1591 2400 1631 2405 --

258 2437 348 2471 ‘uxot
369 2450 414 2480 ix,
442 2438 473 2482 ²²1
