1742 2860
480 133 536 161 DE
598 129 796 161 civrrA‘rE
826 131 916 171 DEI,
952 131 1077 160 nmen
1106 131 1181 160 xv.
1425 120 1506 158 281

122 196 340 243 mittebat.
365 195 435 242 Ad
446 197 530 242 hoc
547 197 661 242 enim
676 196 792 242 valet
805 192 926 259 quod
942 195 1109 242 dictum
1127 204 1214 240 est:
1234 213 1256 237 «
1277 195 1512 240 Intrabunt

125 287 146 312 >›
172 267 228 314 ad
243 277 285 313 te
311 289 323 314 2
350 287 370 310 )›
397 284 486 314 non
514 268 677 313 scilicet
698 269 885 314 hominis
919 278 1042 325 actu,
1069 267 1146 314 sed
1177 266 1254 312 Dei
1280 276 1393 311 nutu
1419 286 1429 312 ε
1453 267 1513 312 ita

125 356 229 385 sane
243 375 254 396 ‚
274 348 325 384 ut
346 356 435 384 non
460 338 549 384 illic
576 338 703 384 fuisse
726 339 942 384 credenda
963 339 1074 395 sint,
1100 354 1199 400 quae
1224 353 1325 383 sexu
1346 346 1511 382 carent.

123 413 425 473 Praescriptum
443 421 507 456 est
522 411 638 456 enim
652 448 663 467 ,
680 421 810 474 atque
825 412 1075 457 definitum:
1096 410 1352 456 «Masculus
1370 419 1413 454 et
1431 408 1518 454 soe-

126 501 147 526 »
168 483 284 529 mina
308 493 450 528 erunt.
466 501 486 525 η
512 482 608 528 Alia
630 493 731 528 sunt
751 483 914 544 quippe
927 500 1024 546 quae
1048 482 1102 527 de
1124 483 1373 544 quibusque
1387 481 1517 526 rebus

124 555 216 599 sine
238 554 476 600 concubitu
494 554 553 598 ita
571 564 806 599 nascuntur
821 590 832 610 ‚
858 564 907 599 ut
930 564 1078 615 postea
1099 554 1350 599 concubant
1372 562 1416 597 et
1438 569 1515 612 ge-

124 634 280 671 nerent
294 660 306 681 ,
331 625 613 671 sicutmuscae
638 645 650 672 ι
675 625 756 670 alia
772 626 933 671 veroin
951 626 1112 687 quibus
1127 625 1236 670 nihil
1253 624 1308 670 sit
1325 623 1452 668 maris
1474 633 1519 668 ct

124 696 334 752 foeminae,
367 696 477 741 sicut
505 713 620 758 apes.
646 700 707 742 Ea
731 713 860 758 porro
879 713 977 758 quae
998 697 1057 743 sic
1081 697 1246 741 habent
1267 711 1415 741 sexum
1434 730 1445 751 ,
1470 703 1521 739 ut

124 784 215 813 non
227 767 418 812 habeant
439 767 614 824 l'oetum,
631 768 741 813 sicut
762 768 869 813 muli
891 778 934 813 et
946 768 1078 813 mulae
1091 804 1102 824 ‚
1120 767 1278 812 mirum
1292 767 1325 812 si
1347 767 1409 811 ibi
1424 765 1521 811 fue-

125 850 249 895 runt,
275 855 324 885 ac
361 856 451 885 non
483 839 627 901 potius
652 851 851 901 parentes
874 857 1025 885 eorum
1044 840 1105 884 ibi
1129 839 1259 885 fuisse
1280 839 1517 894 suffecerit,

124 911 335 973 equinum
359 910 564 956 videlicet
593 922 725 973 atque
758 912 976 956 asininum
1000 928 1135 972 genus
1160 931 1170 957 z
1195 921 1238 956 et
1271 911 1305 956 si
1329 928 1414 972 qua
1438 909 1521 955 alia

126 991 230 1026 sunt
244 1016 256 1037 ‚
282 998 382 1043 quae
397 983 704 1028 commixtione
726 982 882 1027 diversi
903 983 1070 1043 generis
1087 999 1223 1042 genus
1237 981 1416 1043 aliquod
1430 981 1524 1040 gig-

127 1062 256 1097 nunt.
281 1052 366 1098 Sed
387 1053 422 1097 si
453 1062 498 1098 et
518 1053 601 1098 hoc
619 1053 675 1098 ad
696 1054 955 1112 mysterium
985 1054 1256 1115 pertinebat,
1297 1052 1359 1097 ibi
1381 1061 1518 1097 erant.

130 1124 274 1169 Habet
294 1125 411 1169 enim
425 1135 467 1169 et
484 1126 568 1170 hoc
591 1141 725 1184 genus
737 1125 983 1171 masculum
998 1135 1042 1170 et
1061 1125 1303 1170 foeminam.

188 1198 243 1241 V.
267 1196 384 1243 Solet
406 1197 535 1242 etiam
557 1214 732 1244 movere
754 1198 1005 1253 nonnullos,
1032 1215 1188 1258 genera
1211 1213 1403 1243 escarum
1425 1212 1525 1258 quac

127 1266 218 1312 illic
245 1268 406 1313 habere
440 1279 644 1329 poterant
672 1271 900 1326 animalia,
939 1288 1041 1332 qum
1068 1270 1239 1315 nonnisi
1264 1286 1391 1315 earne
1414 1268 1526 1313 vesci

130 1349 366 1400 putantur,
403 1350 550 1386 utrum
572 1352 728 1403 prseter
756 1359 987 1387 numerum
1010 1343 1070 1386 ibi
1086 1342 1247 1386 fuerint
1269 1342 1359 1386 sine
1385 1352 1525 1385 trans-

132 1411 348 1470 gressione
366 1412 575 1467 mandati,
597 1430 696 1474 quae
715 1413 898 1458 alioruin
923 1413 1180 1457 alendorum
1194 1413 1421 1457 necessitas
1439 1411 1526 1455 illic

131 1482 343 1540 coegisset
363 1481 528 1526 includi
551 1503 559 1528 ε
585 1501 640 1528 an
662 1500 789 1539 vero,
826 1483 947 1544 quod
976 1484 1120 1543 potius
1143 1494 1206 1528 est
1228 1482 1495 1528 eredendum
1512 1517 1524 1537 ‚

130 1561 290 1613 praeter
310 1569 482 1609 carnes,
515 1553 659 1615 aliqua
681 1554 885 1599 alimenta
916 1572 1004 1599 esse
1029 1556 1249 1614 potuerint
1266 1591 1276 1607 ‚
1310 1572 1409 1615 qum
1433 1569 1528 1598 onl-

133 1625 263 1669 nibus
285 1625 584 1670 convenirent.
613 1627 821 1671 Novimus
843 1627 958 1670 enim
982 1644 1114 1687 quain
1138 1628 1274 1671 inulta
1299 1626 1524 1682 animalia,

133 1695 296 1758 quibus
321 1712 421 1741 caro
447 1696 570 1741 cibus
599 1708 685 1753 est,
721 1697 920 1756 frugibus
954 1699 1181 1759 pomisque
1203 1708 1450 1753 viscantur,
1486 1706 1529 1741 et

134 1767 320 1812 maxime
342 1768 423 1812 fico
447 1777 576 1829 atquc
600 1768 823 1813 castaneis.
850 1769 967 1822 Quid
991 1785 1091 1828 ergo
1115 1770 1296 1825 mirum,
1320 1771 1351 1814 si
1370 1770 1434 1813 vir
1456 1767 1529 1812 illc

136 1838 304 1898 sapiens
322 1848 365 1882 et
380 1839 549 1900 justus,
574 1839 704 1883 etiam
726 1839 934 1883 divinitus
957 1839 1218 1895 admonitus7
1241 1841 1348 1901 quid
1371 1840 1529 1900 cuique

136 1921 412 1969 congrueret,
433 1911 524 1956 sine
546 1912 749 1956 carnibus
768 1922 913 1972 aptam
932 1913 1087 1973 cuique
1112 1914 1258 1971 generi
1281 1912 1529 1956 alimoniam

137 1983 397 2044 praeparavit
421 1992 464 2027 et
487 1983 759 2028 recondidit?
782 1984 897 2037 Quid
919 1994 982 2028 est
1000 1994 1142 2028 autem
1160 2020 1170 2038 ‚
1196 2001 1284 2045 quo
1305 1984 1417 2028 vesci
1441 1999 1530 2027 non

139 2063 313 2113 cogeret
336 2054 497 2098 fames?
521 2064 596 2098 aut
619 2053 726 2115 quid
754 2071 843 2098 non
865 2071 994 2099 suave
1020 2071 1067 2099 ac
1083 2054 1254 2098 salubre
1274 2054 1412 2098 faeere
1436 2071 1533 2114 pos-

140 2134 204 2170 set
227 2128 341 2170 Deus
355 2160 366 2181 ‚
392 2125 469 2187 qui
491 2126 621 2170 etiam
639 2161 649 2181 ‚
675 2136 725 2170 ut
747 2126 837 2170 sine
859 2127 958 2171 cibo
980 2128 1198 2182 viverent,
1225 2127 1370 2170 divina
1397 2126 1532 2170 facili-

132 2204 230 2241 tate
241 2197 437 2253 donaret,
451 2197 530 2241 nisi
544 2207 593 2241 ut
606 2207 884 2257 pascerentur
897 2198 1025 2242 etiarn
1040 2199 1124 2242 hoc
1137 2197 1372 2257 implenda&
1384 2199 1531 2255 ligurae

143 2268 253 2312 tanti
272 2269 462 2326 mysterii
481 2268 758 2313 conveniret?
791 2272 887 2314 Non
910 2278 1056 2312 autem
1080 2268 1135 2312 ad
1166 2267 1532 2329 piteligurandan1

143 2338 381 2384 Ecclesiam
404 2340 618 2400 pertinere
634 2350 719 2384 tam
733 2339 987 2401 multiplicia
1007 2356 1149 2384 rerum
1164 2342 1280 2399 signa
1297 2351 1528 2399 gestarum,

145 2410 225 2457 nisi
248 2410 380 2456 fuerit
412 2412 732 2467 contentiosus‚
774 2427 903 2457 nemo
931 2412 1197 2472 permittitur
1221 2413 1403 2472 opinari.
1436 2414 1533 2456 Jam

146 2483 263 2530 enim
287 2493 436 2545 gentes
455 2484 515 2530 ita
538 2483 775 2531 Ecclesiam
798 2483 1098 2545 repleverunt,
1122 2483 1365 2545 mundique
1389 2493 1431 2529 et
1448 2483 1533 2529 im-
