1742 2860
217 54 299 96 424
675 73 707 97 s.
745 70 969 98 ,uersum
1004 69 1180 98 xzplseort

215 141 318 176 sunt
340 132 454 176 illius
476 132 625 193 populi
648 144 803 193 partes,
829 152 879 178 ex
900 145 1181 196 quopropter
1205 133 1441 180 Salomonis
1458 134 1595 179 offen-

216 220 306 248 sam
329 213 524 264 tempore
548 205 622 249 filii
645 208 737 266 ejus
758 206 978 261 Roboam,
996 207 1070 268 qui
1094 207 1203 267 patri
1224 205 1480 252 suecessitin
1497 221 1594 264 reg-

215 289 338 329 num,
370 277 459 319 Deo
484 275 732 320 vindicante
759 275 920 321 divisus
952 286 1029 321 est.
1056 277 1242 322 Proinde
1265 277 1403 321 tribus
1425 275 1592 331 decem,

216 362 323 408 quas
358 347 523 408 aceepit
558 348 821 392 Hieroboam
852 365 997 394 servus
1039 349 1301 401 Salomonis,
1342 363 1415 393 rex
1451 348 1510 392 eis
1551 347 1597 391 in

218 417 406 463 Samaria
429 420 726 475 constitutus&
751 420 924 481 proprie
944 421 1216 466 vocabantur
1234 420 1380 476 Isra'e'l,
1401 419 1597 481 quamvis

216 490 300 535 hoe.
331 492 518 536 universi
546 491 698 552 populi
721 492 834 537 illius
857 509 1015 538 nomen
1039 503 1162 538 esset.
1188 493 1368 538 Duabus
1394 508 1496 536 vero
1520 490 1598 535 tri-

218 561 378 617 bubus,
404 565 426 606 J
434 562 531 607 udae
553 563 714 608 seilicet
736 573 778 608 et
799 564 1038 625 Benjamin,
1059 582 1157 626 quse
1174 574 1351 625 propter
1368 563 1521 618 David,
1542 576 1597 606 ne

215 634 387 694 penitus
410 649 592 692 regnum
615 634 755 695 stirpis
777 636 865 696 ejus
889 636 1038 681 suisset
1060 636 1325 680 eradicatum
1344 670 1354 690 ,
1380 649 1599 679 remanse-

216 714 313 750 rant
342 705 611 766 subjacentes
640 707 801 752 civitati
833 708 1099 763 Jerusalem,
1128 708 1255 752 Judae
1284 722 1443 751 nomen
1476 705 1560 750 fuit
1584 723 1595 751 :

217 776 319 837 quia
357 777 444 837 ipsa
480 786 571 822 erat
605 777 743 822 tribus
767 778 885 823 unde
912 778 1065 823 David.
1092 778 1314 838 Benjamin
1335 794 1437 823 vero
1460 777 1599 821 tribus

217 847 350 892 altera
373 847 427 892 ad
447 848 563 892 idem
592 865 799 909 regnum,
821 850 931 894 sient
952 849 1065 905 dixi,
1090 849 1309 909 pertinens
1327 885 1337 904 ,
1362 858 1453 894 erat
1480 847 1599 893 unde

217 918 301 963 suit
325 918 426 963 Saiil
455 935 527 962 rex
555 929 654 964 ante
677 920 829 965 David.
860 919 943 965 Sed
965 919 1093 964 simul
1117 921 1208 964 istae
1231 920 1331 964 dure
1363 919 1526 975 tribus,
1551 927 1601 963 ut

218 989 385 1033 dietum
414 999 500 1044 est,
527 990 640 1035 ,Iuda
668 991 964 1048 vocabantur,
1003 1000 1045 1034 et
1073 991 1156 1035 hoe.
1187 990 1363 1035 nomine
1386 990 1602 1035 discerne-

218 1060 379 1104 bantur
401 1061 456 1104 ab
476 1061 626 1117 Israel,
649 1062 769 1123 quod
791 1061 1122 1122 appellabantur
1157 1062 1328 1122 proprie
1351 1061 1501 1106 decem
1525 1062 1601 1106 tri-

218 1131 299 1176 bus
330 1132 539 1177 habentes
565 1149 690 1177 suum
724 1149 884 1193 regem.
922 1136 1030 1178 Nam
1064 1133 1202 1178 tribus
1237 1133 1366 1188 Levi,
1395 1133 1603 1194 quoniam

216 1203 491 1248 sacerdotalis
510 1204 607 1259 fuit,
634 1205 725 1259 Dei,
752 1222 841 1250 non
864 1221 1013 1265 regum
1032 1205 1204 1250 servitio
1227 1205 1487 1265 mancipata,
1513 1214 1604 1249 ter-

218 1273 471 1319 tia-decima
494 1276 821 1320 numerabatur.
848 1278 1006 1336 Joseph
1030 1277 1192 1336 quippe
1214 1291 1327 1320 unus
1356 1293 1405 1320 ex
1432 1275 1604 1321 duode-

220 1345 305 1390 cim
323 1344 420 1389 filiis
436 1345 582 1401 Israel,
605 1362 692 1390 non
715 1363 868 1401 unam,
886 1347 996 1391 sieut
1018 1347 1162 1391 caeteri
1185 1346 1389 1405 singulas,
1404 1346 1479 1391 sed
1496 1346 1603 1391 duas

218 1416 358 1461 tribus
382 1415 506 1471 feeit,
542 1418 747 1477 Ephraem
780 1427 822 1462 et
855 1420 1097 1463 Manassen.
1132 1420 1442 1462 Verumtamen
1475 1417 1605 1462 etiam

219 1487 359 1532 tribus
390 1488 494 1532 Levi
520 1487 573 1533 ad
609 1504 787 1547 regnum
816 1488 1221 1549 jerosolymitanum
1245 1488 1492 1549 pertinebat
1508 1504 1603 1534 ma-

220 1560 307 1620 gis,
333 1559 410 1603 ubi
438 1568 528 1603 erat
560 1559 638 1604 Dei
661 1560 901 1620 templum,
934 1560 1005 1605 eui
1037 1560 1263 1605 serviebat.
1297 1559 1441 1605 Diviso
1471 1559 1605 1618 igitur

218 1630 399 1693 populo,
417 1631 581 1692 primus
603 1633 798 1692 regnavit
820 1633 864 1676 in
878 1632 1116 1677 Jerusalem
1138 1632 1352 1688 Roboam,
1379 1647 1450 1676 rex
1470 1630 1600 1687 Juda,

220 1701 335 1746 filius
353 1702 614 1757 Salomonis,
630 1713 671 1747 et
694 1703 738 1746 in
755 1703 942 1748 Samaria
961 1703 1236 1759 Hieroboam,
1254 1719 1326 1748 rex
1350 1703 1495 1759 lsrael,
1515 1718 1605 1748 ser-

220 1787 300 1817 vus
332 1771 585 1818 Salomonis.
622 1775 678 1817 Et
712 1788 813 1817 eum
839 1772 1044 1817 voluisset
1066 1773 1262 1818 Roboam
1294 1783 1501 1834 tanquam
1534 1782 1606 1831 ty·-

223 1843 448 1889 rannidem
476 1842 623 1887 divisae
651 1842 765 1887 illius
794 1844 925 1903 partis
956 1842 1070 1887 bello
1107 1844 1333 1904 persequi,
1361 1842 1605 1903 prohibitus

223 1922 286 1960 est
308 1913 495 1974 populus
517 1929 711 1974 pugnare
733 1930 832 1959 eum
857 1914 1063 1959 fratribus
1081 1914 1166 1958 suis
1186 1949 1196 1970 ,
1222 1914 1394 1959 dicente
1416 1918 1506 1959 Deo
1528 1929 1605 1974 per

223 1987 486 2046 Prophetam
519 2002 562 2030 se
591 1987 674 2030 hoe,
701 1987 863 2030 secisse.
900 1986 1023 2030 Unde
1055 1986 1255 2046 apparuit
1284 1985 1455 2030 nullum
1479 1985 1524 2030 in
1555 2001 1605 2032 ea

224 2072 297 2112 re,
322 2056 391 2101 vel
414 2056 523 2115 regis
553 2056 683 2101 lsrael
699 2092 709 2112 ,
735 2056 801 2102 vel
826 2057 973 2117 populi
996 2057 1125 2102 fuisse
1152 2066 1400 2117 peceatum,
1426 2057 1502 2102 sed
1527 2071 1606 2102 vo-

226 2126 437 2172 luntatem
470 2127 546 2172 Dei
572 2126 831 2172 vindicantis
864 2127 1101 2187 impletam.
1139 2132 1231 2181 Qua
1266 2128 1466 2187 cognita,
1508 2143 1605 2188 pars

226 2208 410 2259 utraque
434 2198 545 2242 inter
566 2212 609 2242 se
629 2207 778 2258 pacata
806 2198 1054 2260 conquievit
1084 2218 1092 2244 ;
1119 2213 1205 2243 11011
1229 2198 1342 2244 0111111
1368 2197 1602 2258 religionis,

226 2269 300 2315 sed
323 2269 442 2329 regni
466 2268 606 2314 suerat
622 2268 732 2314 lacta
755 2268 921 2314 divisio.

274 2378 287 2403 3
301 2379 318 2411 3
340 2382 414 2422 neg.
438 2391 490 2414 m.
