1742 2860
252 133 341 174 292
690 141 723 169 s.
760 137 989 169 Acorsrlm
1023 140 1204 168 Emscort

251 265 1640 291 “QUWWMWUNQW'WKVWWVUWWWUUWWWQNQWWWUMWWWVWWW

769 397 987 452 CAPUT
1041 402 1129 451 IV.

242 548 322 597 De
356 545 631 596 diversitate
667 545 967 613 linguarum,
998 548 1332 610 princzpioque
1352 547 1638 612 Babylonis.

309 699 413 744 CUM
435 711 537 755 ergo
558 696 605 740 in
626 696 713 740 suis
734 694 894 755 linguis
930 695 1022 740 istae
1046 704 1194 755 gentes
1216 695 1346 741 fuisse
1374 695 1642 756 referantur,

247 769 360 815 redit
379 779 526 813 tamen
550 777 745 812 narrator
773 767 827 811 ad
848 766 960 812 illud
982 776 1169 829 tempus,
1186 768 1363 830 quando
1387 786 1475 814 una
1495 769 1646 830 lingua

250 842 450 887 omnium
474 839 580 895 fuit,
607 848 650 883 et
673 838 775 882 inde
791 840 883 899 jam
901 840 1076 899 exponit
1099 839 1207 900 quid
1230 839 1459 896 acciderit,
1485 850 1536 886 ut
1558 840 1646 886 lin-

251 929 435 975 guarum
455 911 679 956 diversitas
709 920 976 955 nasceretur.
1018 930 1038 953 «
1070 914 1128 955 Et
1161 920 1278 967 erat,
1315 912 1482 972 inquit,
1508 912 1648 958 omnis

252 1004 272 1027 n
300 995 411 1029 terra
435 982 603 1027 labium
639 998 806 1037 unum,
843 991 887 1026 et
920 997 1002 1026 vox
1033 998 1121 1026 una
1156 982 1375 1027 omnibus.
1402 985 1459 1027 Et
1480 981 1648 1029 factum

252 1075 274 1098 »
298 1065 384 1111 est,
410 1070 511 1099 cum
543 1062 738 1098 moveret
760 1052 841 1113 ipsi
867 1052 922 1097 ab
946 1051 1145 1108 Oriente,
1160 1053 1423 1098 invenerunt
1440 1069 1649 1114 campum

252 1147 274 1170 ³>
299 1128 346 1171 in
371 1136 481 1171 terra
510 1128 726 1180 Sennaar,
763 1133 806 1169 et
846 1124 1158 1170 habitaverunt
1181 1124 1259 1169 ibi.
1286 1127 1343 1169 Et
1375 1124 1483 1170 dixit
1516 1126 1650 1171 homo

252 1218 274 1242 >›
299 1199 497 1259 proximo
529 1213 632 1242 suo:
673 1195 855 1251 Venite,
882 1195 1092 1240 faciamus
1129 1193 1307 1251 lateres,
1334 1204 1378 1240 et
1409 1211 1651 1257 coquamus

252 1288 274 1312 >›
300 1270 395 1313 illos
420 1268 526 1328 igni.
560 1271 618 1312 Et
648 1266 750 1311 faeti
773 1276 875 1311 sunt
896 1265 959 1310 illi
981 1265 1136 1311 lateres
1157 1266 1205 1310 in
1224 1265 1440 1327 lapidem,
1467 1276 1511 1311 et
1527 1267 1651 1312 bitu-

253 1359 276 1384 »
301 1356 406 1384 men
427 1338 511 1384 illis
533 1348 626 1383 erat
646 1338 793 1383 lutum
817 1354 828 1380 z
855 1346 899 1382 et
911 1337 1115 1382 dixerunt
1132 1338 1312 1382 :Venite
1325 1347 1369 1383 et
1389 1338 1653 1385 aedificemus

255 1430 278 1454 ³>
303 1410 625 1469 nobismetipsis
662 1410 903 1464 civitatem,
945 1419 989 1452 et
1032 1419 1198 1453 turrem
1233 1411 1357 1468 cujus
1399 1419 1531 1470 caput
1572 1412 1654 1457 erit

256 1502 278 1525 >›
305 1497 444 1543 usque
468 1480 525 1525 ad
550 1478 731 1534 eoelum,
758 1488 802 1523 et
822 1477 1030 1523 faciamus
1049 1478 1176 1523 nobis
1213 1495 1396 1536 nomen,
1417 1490 1654 1542 antequam

256 1572 278 1595 »
305 1553 608 1612 dispergamur
627 1551 675 1593 in
697 1548 852 1594 faeiem
868 1548 1007 1594 omnis
1026 1557 1167 1593 terrae.
1194 1551 1252 1594 Et
1267 1548 1491 1596 deseendit
1508 1553 1655 1596 Domi-

258 1641 281 1664 »
309 1637 389 1665 nus
426 1620 577 1664 videre
607 1620 826 1662 civitatem
860 1628 905 1661 et
939 1627 1130 1674 turrem,
1166 1634 1299 1679 quam
1328 1619 1657 1670 aedificaverunt

258 1712 279 1735 »
304 1692 380 1736 filii
394 1690 641 1735 hominum.
659 1692 717 1733 Et
729 1688 836 1733 dixit
849 1689 1061 1733 Dominus
1075 1692 1189 1734 Deus
1203 1692 1331 1735 :Eece
1345 1706 1480 1749 genus
1493 1709 1651 1752 unum,

259 1784 281 1807 »
307 1774 351 1808 et
374 1762 541 1806 labium
561 1775 702 1804 unum
724 1759 946 1818 omnium,
966 1770 1010 1805 et
1029 1761 1114 1804 hoe
1136 1760 1455 1809 inchoaverunt
1484 1763 1650 1823 facere,

260 1854 282 1876 n
310 1843 353 1877 et
375 1848 493 1876 nunc
514 1847 603 1875 non
626 1830 832 1875 deficient
853 1846 904 1874 ex
924 1830 1008 1874 illis
1037 1831 1180 1876 omnia
1204 1848 1302 1892 quae
1326 1835 1470 1878 conati
1492 1834 1656 1882 fuerint

262 1925 283 1948 >›
310 1902 449 1948 facere
464 1918 472 1943 ε
485 1901 646 1956 venite,
664 1910 707 1945 et
723 1900 1039 1946 descendentes
1053 1900 1375 1947 confundamus
1388 1903 1655 1964 ibilinguam

265 1994 286 2018 )›
309 1990 412 2018 eoru
421 1989 460 2016 m
476 2008 487 2028 ,
512 1981 563 2016 ut
579 1988 669 2016 non
691 1971 872 2016 audiant
889 1971 1192 2032 unusquisque
1204 1987 1355 2017 vocem
1370 1975 1552 2033 proximi
1569 1977 1651 2021 sui.

266 2066 287 2089 >›
314 2050 371 2090 Et
391 2044 589 2104 dispersit
608 2060 680 2088 eos
699 2044 909 2088 Dominus
930 2043 1031 2087 inde
1043 2059 1171 2103 super
1186 2042 1339 2088 faeiem
1353 2047 1491 2090 omnis
1510 2056 1651 2105 terrae,

268 2135 290 2159 )›
317 2126 360 2160 ot
383 2124 658 2159 cessaverunt
678 2114 940 2160 oedificantes
957 2115 1175 2159 civitatem
1198 2124 1241 2158 et
1263 2125 1440 2160 turrem.
1474 2121 1656 2178 Propter

269 2206 291 2230 n
317 2190 400 2232 hoe
416 2185 682 2246 appellatum
705 2196 943 2231 estnomen
964 2185 1078 2231 illius
1093 2185 1320 2245 Confusio,
1345 2188 1447 2248 quia
1469 2189 1530 2233 ibi
1553 2205 1655 2234 con-

269 2278 291 2301 »
317 2258 431 2304 fudit
478 2259 686 2303 Dominus
724 2259 840 2303 labia
873 2259 1011 2304 omnis
1064 2268 1188 2303 terrm
1214 2275 1223 2299 ε
1250 2269 1294 2303 et
1326 2258 1427 2304 inde
1464 2261 1661 2321 dispersit

270 2349 291 2372 >›
317 2330 413 2374 illos
433 2331 643 2375 Dominus
667 2334 782 2375 Deus
815 2347 943 2391 super
966 2330 1121 2375 faeiem
1151 2331 1289 2374 omnis
1320 2333 1460 2375 terrae¹
1484 2347 1493 2373 ε
1525 2350 1545 2373 »
1573 2336 1659 2378 Ista

267 2402 415 2449 civitas
437 2417 537 2463 quae
555 2401 770 2464 appellata
787 2412 851 2448 est
877 2422 899 2448 «
923 2401 1154 2459 Confusio,
1177 2420 1198 2445 »
1223 2402 1314 2464 ipsa
1337 2411 1401 2450 est
1423 2402 1625 2462 Babylon
1639 2438 1652 2461 ,

319 2510 420 2546 'Genu
445 2518 493 2556 x1,
518 2520 589 2553 1-9.
