1742 2860
228 104 314 143 316
671 119 704 145 s.
741 115 823 145 Aeo
831 119 971 146 L'STINI
1004 119 1183 147 EPISCOPI

226 190 315 225 tem
333 181 424 242 jam
446 182 491 225 in
512 184 823 243 Mesopotamia
845 186 1096 242 constituto,
1124 186 1207 231 hoe
1228 194 1305 242 est,
1332 185 1423 247 jam
1445 199 1613 247 egresso

227 251 282 296 (10
306 262 417 297 terra
440 254 764 311 Chaldaeorum,
788 256 889 301 dicit
912 261 1026 302 Deus
1051 278 1060 304 :
1090 277 1111 301 α
1132 257 1211 302 Exi
1231 256 1286 302 de
1319 267 1431 304 terra
1455 267 1546 315 tua,
1571 267 1616 304 et

229 341 251 365 >1
287 324 341 369 (10
373 326 632 385 cognatione
656 337 729 372 tua
746 363 757 383 ‚
784 337 827 372 et
851 330 904 373 de
939 329 1069 375 domo
1096 329 1229 391 patris
1265 330 1329 374 tui
1349 333 1380 386 ¹,
1407 349 1428 373 n
1455 346 1545 375 non
1565 339 1616 375 ut

227 410 385 455 eorpus
417 396 518 440 inde
547 398 743 457 ejiceret,
775 399 895 459 quod
910 401 999 460 jam
1030 400 1217 456 fecerat,
1252 399 1328 446 sed
1350 410 1401 446 ut
1421 401 1616 446 animum

228 465 448 522 avelleret,
475 466 649 512 dieitur.
671 472 769 514 Non
786 470 901 514 enim
919 471 1079 515 exierat
1100 470 1202 515 inde
1222 472 1382 528 animo,
1406 471 1441 517 si
1463 487 1537 532 spe
1553 487 1618 516 re-

228 536 394 582 deundi
424 547 468 583 et
500 539 711 585 desiderio
736 542 989 598 tenebatur,
1016 560 1113 604 quae
1139 559 1234 604 spes
1264 553 1308 588 et
1330 543 1615 600 desiderium,

228 611 320 653 Deo
336 609 522 669 jubente
546 627 594 656 ae
613 612 795 671 juvante
813 648 823 669 ,
849 623 892 657 et
914 613 989 658 illo
1012 614 1273 671 obediente,
1298 613 1441 659 fuerat
1461 630 1617 675 ampu-

229 680 431 726 tandum.
456 685 553 728 Non
578 699 680 728 sane
702 684 1017 730 incredibiliter
1038 686 1321 743 existimatur,
1348 701 1449 732 cum
1469 695 1620 748 postea

231 763 406 799 secutus
428 764 538 799 esset
558 756 732 802 Naehor
756 767 924 818 patrem
946 774 1096 815 suum,
1124 769 1231 805 tune
1262 759 1484 806 Abraham
1504 774 1619 820 prae-

232 833 410 884 ceptum
432 826 605 871 Domini
623 825 839 887 implesse,
855 838 905 874 ut
921 845 1023 875 eum
1045 833 1148 878 Sara
1170 830 1356 893 conjuge
1376 845 1454 877 sua
1477 838 1522 876 et
1538 832 1622 876 Lot

233 894 324 941 filio
346 894 487 942 fratris
508 898 576 943 sui
599 898 733 945 exiret
754 898 809 945 de
831 901 1010 947 Charra.

248 1043 1623 1066 WWUWWWUWWKWQWVWQQNWWUMMWSWMWWUWWW

723 1182 941 1234 CAPUT
985 1183 1121 1234 XVI.

234 1324 315 1372 De
346 1323 513 1373 ordine
546 1334 592 1371 et
623 1324 860 1385 qualitate
882 1327 1253 1387 promissionum
1290 1325 1410 1385 Dei,
1432 1340 1538 1386 quse
1559 1323 1631 1373 ad

642 1400 691 1444 A
697 1398 903 1444 bracham
909 1399 1073 1463 fac-ne
1094 1410 1218 1446 sant.

298 1524 323 1567 J
329 1540 389 1568 AM
406 1522 730 1568 eonsiderandae
744 1533 846 1568 sunt
862 1524 1166 1584 promissiones
1183 1523 1261 1569 Dei
1279 1521 1406 1568 factae
1419 1521 1474 1567 ad
1487 1523 1628 1568 Abra-

237 1594 357 1638 ham.
390 1599 440 1639 In
463 1595 527 1639 his
551 1596 666 1639 enim
691 1596 904 1655 apertiora
928 1597 1003 1639 Dei
1026 1596 1181 1650 nostri,
1210 1597 1292 1640 hoe
1316 1605 1404 1650 cst,
1431 1595 1508 1639 Dei
1537 1594 1628 1639 veri

241 1666 416 1710 oracula
440 1683 645 1726 apparere
669 1677 900 1727 coeperunt
922 1667 976 1710 (10
992 1667 1156 1727 populo
1174 1667 1364 1726 piorum⁷
1381 1681 1513 1726 quem
1526 1681 1630 1725 pro-

238 1738 410 1796 phetica
443 1739 753 1797 prsenuntiavit
788 1738 1034 1780 auctoritas,
1069 1739 1233 1780 Harum
1271 1739 1408 1796 prima
1438 1737 1497 1781 ita
1519 1736 1630 1795 legi-

240 1818 313 1852 tur
340 1828 349 1853 ;
383 1828 404 1850 (ς
429 1811 485 1852 Et
509 1808 615 1852 dixit
648 1808 856 1852 Dominus
883 1808 938 1851 ad
968 1807 1131 1851 Abram
1157 1827 1166 1853 ε
1192 1807 1270 1851 Exi
1299 1808 1354 1851 (10
1382 1816 1495 1851 terra
1525 1817 1626 1862 tua,

242 1897 266 1921 η
301 1888 345 1922 et
366 1878 419 1921 (10
442 1878 700 1937 cognatione
719 1888 792 1922 tua
807 1914 817 1933 ‚
843 1877 957 1921 etde
981 1876 1111 1921 domo
1132 1877 1263 1937 patris
1292 1877 1372 1932 tui,
1399 1886 1441 1920 et
1458 1875 1568 1921 vade
1584 1877 1631 1920 in

242 1968 264 1992 υ
304 1958 475 2004 terram,
501 1964 633 2008 quam
658 1948 735 1992 tibi
760 1948 1134 2005 demonstravero3
1160 1957 1203 1991 et
1225 1946 1378 1992 faciam
1394 1956 1436 1991 te
1458 1947 1502 1990 in
1527 1962 1633 2005 gen-

245 2039 267 2063 »
301 2029 388 2064 tem
411 2036 638 2079 magnam,
665 2030 708 2063 ct
730 2020 984 2064 benedicam
1003 2029 1056 2075 tc,
1084 2029 1126 2063 et
1162 2019 1447 2077 magnificabo
1472 2034 1632 2063 nomen

250 2110 270 2133 »
305 2100 449 2145 tuum,
477 2101 519 2134 et
536 2090 903 2145 erisbenedietus,
926 2100 968 2135 et
985 2089 1240 2133 benedicam
1256 2087 1626 2143 benedicenteste,

249 2182 270 2209 >›
314 2173 357 2206 et
390 2161 645 2206 maledicam
666 2161 970 2205 maledicentes
997 2171 1035 2204 te
1053 2197 1062 2215 ,
1089 2171 1130 2205 et
1155 2165 1487 2204 ssmmmssmnn
1511 2179 1555 2203 ΙΝ
1578 2177 1630 2203 TE

246 2254 266 2276 »
304 2249 452 2278 omnes
492 2233 626 2276 tribus
666 2236 823 2276 [errati-H
854 2252 872 2273 »
918 2231 1245 2276 mlxvi—tendum
1270 2240 1332 2274 est
1361 2231 1492 2289 igitur
1525 2229 1632 2274 duas

244 2321 310 2349 res
328 2304 556 2365 promissas
577 2304 764 2348 Abrahae
794 2323 801 2350 :
828 2320 959 2347 unam
982 2303 1165 2358 scilieet,
1191 2302 1310 2364 quod
1338 2313 1495 2347 terram
1517 2301 1633 2346 Cha-

243 2392 355 2421 naan
384 2391 679 2437 possessurum
708 2374 849 2420 fuerat
878 2391 1022 2421 semen
1058 2374 1164 2435 ejus7
1192 2373 1312 2436 quod
1334 2373 1627 2434 significatur,

290 2494 300 2511 ¹
314 2490 392 2521 Gen.
407 2498 461 2530 xn,
481 2499 508 2520 ι.
525 2504 566 2511 —-
586 2487 692 2522 2Ibid.
713 2487 780 2520 1-3.
