1742 2860
258 54 342 93 370
691 65 723 90 s.
761 62 988 89 Acersrrm
1021 62 1201 89 muscom

254 138 490 175 mereretur
513 129 709 188 eloquia,
736 128 894 188 quibus
916 143 993 185 pro
1012 142 1092 170 usu
1110 126 1357 185 temporalis
1380 127 1478 171 vitae
1503 125 1638 171 futuri

254 199 421 260 aliquid
453 207 724 251 nosceretur,
767 196 821 240 ad
855 206 1064 240 terrenam
1093 197 1322 241 Civitatem
1356 197 1636 255 pertinuisse,

252 271 347 331 quis
378 269 593 325 ambigat?
627 268 701 311 nbi
738 275 883 309 autem
908 265 1086 323 legitur:
1124 269 1272 309 «Ecce
1302 265 1391 309 dics
1424 266 1636 322 veniunt,

257 359 276 381 »
302 339 406 383 dicit
429 339 636 383 Dominus
652 373 661 391 ,
689 346 731 379 et
753 336 1069 380 consummabo
1091 334 1241 380 domui
1267 334 1399 379 Isra'e‘l
1421 345 1465 379 et
1491 335 1641 380 domui

258 430 277 453 »
304 415 327 455 J
334 410 417 454 uda
435 418 743 453 testamentum
757 422 935 462 novum,
957 423 1045 451 non
1060 406 1298 452 secundum
1317 416 1639 462 testamentum,

258 501 278 524 >›
304 480 424 542 quod
453 478 643 539 disposui
666 478 860 538 patribus
887 493 1038 521 eorum
1055 512 1066 532 ,
1097 477 1146 521 in
1169 477 1238 521 die
1260 493 1347 537 qua
1375 477 1642 537 apprehendi

257 571 277 594 »
304 566 484 596 manum
517 565 667 593 eorum
686 583 697 603 ‚
733 557 784 592 ut
816 547 1048 592 educerem
1082 563 1154 592 eos
1186 547 1242 591 de
1280 557 1393 592 terra
1433 548 1639 608 AEgypti:

258 641 279 664 ))
310 623 517 683 quoniam
534 620 613 680 ipsi
640 636 727 664 non
750 628 1082 679 permanserunt
1104 619 1149 662 in
1172 628 1431 664 testamento
1453 634 1573 675 meo,
1599 629 1643 664 et

258 713 278 736 »
305 710 385 753 ego
408 691 684 750 neglexieos‚
710 690 815 734 dicit
831 691 1065 735 Dominus:
1084 689 1192 743 Quia
1215 691 1298 734 hoc
1320 699 1383 734 est
1406 699 1643 734 testamen-

260 784 280 808 »
307 775 424 819 tum,
462 763 583 823 quod
616 762 877 807 constituam
905 761 1056 806 domui
1086 760 1243 805 Israel:
1274 771 1374 821 post
1404 761 1495 805 dies
1520 760 1639 817 illos,

258 854 279 878 »
306 834 410 879 dicit
439 834 650 879 Dominus
666 869 677 889 ‚
702 832 818 877 dabo
839 833 954 891 leges
976 848 1093 877 meas
1115 834 1161 876 in
1182 842 1372 877 mentem
1396 848 1571 889 eorum,
1600 843 1645 877 et

256 926 278 949 )›
303 922 433 965 super
454 904 584 949 corda
608 920 760 949 eorum
790 904 979 948 scribam
1008 919 1077 948 eas
1095 938 1105 958 ‚
1131 912 1174 947 et
1193 903 1354 948 videbo
1377 919 1449 948 eos
1465 939 1476 960 ,
1505 913 1550 948 et
1569 920 1643 948 ero

256 995 278 1020 »
302 975 386 1021 illis
400 975 447 1019 id
459 979 615 1030 Deum⁷
630 984 673 1018 et
689 974 769 1033 ipsi
789 983 917 1018 erunt
933 974 1036 1018 mihi
1055 974 1099 1017 in
1115 972 1312 1033 plebem¹
1330 993 1339 1019 :
1357 992 1378 1016 »
1399 973 1644 1019 Jerusalem

254 1047 344 1091 sine
362 1046 498 1090 dubio
514 1060 700 1104 superna
712 1044 1019 1104 prophetatur,
1037 1044 1161 1103 cujus
1175 1046 1289 1087 Deus
1302 1044 1392 1103 ipse
1406 1044 1642 1103 praemium

254 1126 335 1172 est7
353 1132 541 1176 eumque
554 1115 716 1160 habere
730 1123 860 1174 atque
873 1114 1006 1173 ipsius
1020 1129 1108 1158 esse
1122 1129 1342 1158 summum
1354 1114 1417 1158 illi
1431 1124 1494 1158 est
1510 1125 1643 1175 atque

256 1197 399 1233 totum
430 1188 613 1231 bonum.
652 1185 722 1230 Ad
755 1194 986 1245 utramque
1017 1200 1120 1229 vero
1148 1186 1337 1245 pertinet
1363 1186 1447 1230 1100
1476 1185 1641 1245 ipsum,

257 1258 380 1320 quod
403 1257 642 1302 Jerusalem
668 1255 827 1300 (licitur
850 1256 927 1299 Dei
951 1255 1133 1311 Civitas,
1159 1265 1202 1300 et
1222 1256 1269 1300 in
1290 1272 1339 1300 ea
1355 1258 1646 1316 prophetatur

258 1330 404 1375 lutura
415 1328 516 1372 dom
522 1343 571 1371 us
582 1327 674 1381 Dei,
688 1342 826 1386 eaque
839 1326 1065 1385 prophetia
1078 1326 1252 1371 videtur
1265 1327 1450 1386 impleri,
1463 1343 1563 1372 cum
1575 1331 1646 1373 Sa-

258 1402 409 1446 lomon
421 1416 494 1444 rex
504 1398 691 1442 aedificat
704 1397 815 1441 illud
834 1396 1148 1442 nobilissimum
1162 1398 1388 1458 templum.
1404 1401 1508 1443 Haec
1530 1399 1645 1443 enim

259 1473 359 1516 etin
372 1481 539 1515 terrena
554 1468 792 1513 Jerusalem
810 1468 1048 1513 secundum
1066 1469 1297 1513 Historiam
1312 1469 1619 1529 contigerunt2
1631 1505 1642 1526 ‚

260 1553 304 1587 et
319 1541 505 1587 coelestis
524 1538 762 1584 Jerusalem
780 1540 930 1598 figurae
952 1537 1146 1583 fuerunt.
1162 1539 1293 1592 Quod
1306 1556 1440 1598 genus
1456 1541 1647 1600 prophe-

260 1614 332 1657 tiae
361 1628 411 1655 ex
444 1620 632 1670 utroque
663 1608 799 1654 veluti
826 1618 1103 1668 compactum
1135 1619 1265 1669 atque
1290 1609 1572 1654 commixtum
1598 1610 1646 1655 in

261 1683 400 1728 Libris
417 1681 636 1726 veteribus
656 1680 872 1724 canonicis
891 1715 900 1734 ‚
927 1680 1085 1740 quibus
1098 1696 1242 1724 rerum
1258 1690 1476 1739 gestarum
1496 1697 1646 1726 narra-

261 1756 398 1799 tiones
416 1753 696 1797 continentur
709 1787 719 1807 ,
744 1751 859 1796 valet
876 1750 1113 1810 plurimum
1127 1788 1137 1807 ,
1159 1752 1438 1813 multumque
1456 1754 1646 1798 exercuit

261 1836 305 1870 et
317 1834 485 1869 exercet
503 1823 675 1881 ingenia
688 1823 975 1866 scrutantium
991 1823 1173 1867 Litteras
1193 1839 1348 1880 sacras,
1364 1833 1414 1867 ut
1429 1824 1549 1884 quod
1561 1825 1646 1869 his-

262 1897 395 1941 torice
408 1894 666 1955 praedictum
685 1893 1039 1953 completumque
1052 1892 1210 1952 legitur
1227 1895 1270 1937 in
1284 1896 1444 1938 semine
1457 1894 1646 1940 Abrahae

263 1967 504 2013 secundum
526 1980 698 2009 carnem
716 2000 726 2020 a
758 1965 887 2008 etiam
917 1964 962 2007 in
995 1964 1156 2008 semine
1184 1965 1370 2009 Abrahae
1403 1965 1645 2010 secundum

263 2038 393 2083 fidem
417 2036 523 2096 quid
542 2035 811 2094 implendum
835 2034 1063 2093 allegorice
1081 2036 1291 2093 significet
1312 2036 1577 2096 inquiratur:
1598 2038 1644 2080 in

264 2117 433 2151 tantum
449 2116 498 2149 ut
520 2105 781 2165 quibusdam
804 2105 943 2149 visum
961 2105 1029 2160 sit⁷
1047 2106 1156 2149 nihil
1168 2122 1256 2149 csse
1275 2107 1317 2149 in
1331 2105 1491 2150 eisdem
1505 2107 1644 2151 Libris

263 2177 333 2222 vel
360 2176 700 2236 pioenuntiatum
729 2184 773 2218 ct
804 2176 1035 2229 effeemm,
1071 2174 1141 2220 vel
1174 2177 1379 2220 ess'ectum
1397 2212 1408 2231 ⁷
1447 2177 1643 2237 quamvis

264 2264 354 2292 non
372 2246 711 2307 praenuntiatum
725 2281 735 2299 ,
763 2245 883 2305 quod
905 2262 993 2289 non
1015 2246 1205 2291 insinuet
1222 2245 1387 2307 aliquid
1408 2246 1463 2291 ad
1492 2263 1645 2307 super-

264 2334 366 2364 nam
398 2317 626 2362 Civitatem
655 2316 731 2360 Dei
760 2317 938 2375 ejusque
966 2315 1075 2361 filios
1099 2316 1143 2362 in
1169 2317 1249 2362 hac
1281 2318 1367 2362 vita
1395 2318 1642 2378 peregrinos

315 2411 453 2443 alerem.
475 2418 564 2451 xxxi,
586 2407 701 2442 31-33.
726 2424 767 2430 —
790 2407 832 2439 23
847 2408 923 2449 Reg.
942 2417 982 2439 vi.
