1742 2860
279 122 361 162 554

884 139 1032 165 INDEX.

278 203 354 234 Car.
382 213 499 233 xxxvii.
526 205 571 233 De
589 202 634 233 his
647 213 715 244 quse
735 203 764 235 in
780 204 860 235 Esaii
880 208 912 235 et
935 204 1037 236 Jacob
1055 205 1187 246 mystice
1205 205 1495 248 prwligurabantur.

278 269 405 290 xxxvul

313 434 407 455 XXXIX

368 488 406 510 XL

357 657 410 678 XLI

346 711 411 733 xul

339 823 412 845 me

411 284 416 289 .
444 261 488 290 De
509 258 652 289 missione
669 258 770 290 Jacob
783 258 813 289 in
832 260 1088 301 Mesopotamiam
1107 260 1146 291 ad
1163 261 1381 304 accipiendam
1400 273 1543 303 uxorem,

472 318 505 344 et
523 313 562 344 de
581 313 699 345 visione
720 324 813 356 quam
839 313 952 346 itinere
973 315 1160 358 somniavit,
1183 321 1214 349 et
1241 317 1281 348 de
1302 322 1436 362 quatuor
1453 318 1547 361 ipsius

470 368 603 400 foeminis
618 394 627 410 ,
646 379 718 401 cum
736 380 828 401 unam
845 370 987 412 petiisset
1004 382 1145 403 uxorem.

414 449 420 455 .
447 425 520 462 Quse
540 424 621 455 ratio
642 423 751 463 fuerit,
771 429 806 456 ut.
823 425 923 458 Jacob
942 426 1037 458 etiam
1058 426 1152 458 Israel
1170 428 1457 469 cognominaretur.

412 505 417 511 .
444 479 605 517 Quomodo
627 479 726 511 Jacob
744 490 816 512 cum
834 482 1033 524 septuaginta
1051 481 1188 524 quinque
1201 483 1364 514 animabus
1382 486 1548 526 AEgyptum

471 541 614 566 narretur
630 535 801 576 ingressus,
816 548 888 568 cum
907 536 1049 579 plerique
1065 548 1103 569 ex
1120 536 1167 569 his
1180 538 1233 581 qui
1246 544 1546 581 commemorantur,

471 593 617 632 tempore
634 591 808 633 posteriore
828 591 890 624 sint
907 593 1015 634 geniti.

416 671 421 677 .
449 647 494 677 De
511 645 746 689 benedictione,
772 658 865 690 quam
879 648 980 680 Jacob
998 648 1028 680 in
1042 648 1155 681 ,Iudam
1175 649 1269 681 filium
1286 660 1374 682 suum
1392 650 1546 693 promisit.

416 726 422 732 .
448 703 494 733 De
507 701 574 732 filiis
594 702 723 744 Josepli,
742 714 819 745 quos
831 703 932 736 Jacob
946 705 1133 747 prophetica
1152 716 1298 738 manuum
1311 717 1435 739 suarum
1454 711 1551 739 trans-

471 758 646 791 mutatione
667 759 840 792 benedixit.

418 838 424 845 .
449 816 495 846 De
508 815 704 856 temporibus
717 815 826 858 Moysi,
846 821 879 848 et
894 819 968 849 Jesu
982 818 1083 859 Nave,
1098 828 1135 850 ac
1146 819 1305 860 Judicum,
1330 823 1426 862 atque
1439 819 1551 851 exinde

476 872 593 912 Regum
608 896 616 911 ,
635 882 766 913 quorum
788 871 914 914 quidem
931 872 1005 904 Saiil
1028 872 1144 915 primus
1163 878 1224 916 est,
1243 875 1300 907 sed
1315 874 1415 907 David
1435 874 1551 918 praeci-

474 936 553 969 puus
567 930 600 958 et
611 932 810 959 sacramento
827 926 965 961 habetur
979 931 1012 960 et
1028 927 1153 961 merito.

791 1058 963 1102 LIBER
1007 1060 1151 1103 XVII.

1590 209 1654 239 350

1593 373 1656 404 352

1593 430 1657 459 355

1594 597 1658 627 356

1596 652 1673 682 358.

1596 765 1661 796 360

1597 932 1658 963 361

282 1174 326 1210 111
345 1186 415 1221 quo
430 1175 549 1221 agitur
574 1176 619 1211 de
649 1176 814 1212 Civitatis
832 1177 899 1212 Dei
918 1187 1099 1223 procursu
1119 1177 1344 1223 temporibus
1362 1177 1504 1222 Regum
1524 1184 1559 1213 et
1573 1178 1662 1214 Pro—

331 1234 529 1279 phetarum
549 1246 567 1271 a
589 1236 759 1272 Samuele
779 1242 815 1272 et
833 1236 951 1272 David
968 1246 1082 1281 usque
1099 1236 1145 1272 ad
1163 1235 1372 1279 Christum,
1392 1242 1427 1271 et
1445 1247 1526 1282 quae
1551 1238 1664 1273 sacris

336 1294 478 1329 Litteris
511 1294 693 1330 mandatae
723 1300 805 1330 sunt
834 1295 1112 1330 vaticinationes
1139 1296 1353 1331 eorumdem
1393 1301 1598 1341 temporum
1629 1297 1664 1331 in

332 1352 496 1399 Regum,
526 1354 753 1390 Psalniorum
784 1359 820 1390 et
848 1354 1049 1389 Salomonis
1068 1354 1188 1397 libris,
1216 1355 1261 1390 de
1284 1354 1430 1390 Christo
1449 1359 1485 1390 ot
1502 1353 1666 1391 Ecclesia

329 1419 531 1460 ponuntur.

311 1499 385 1530 CAP.
407 1509 416 1530 1

394 1565 414 1586 ll

385 1675 419 1697 111

386 1843 420 1863 lv

401 2009 422 2030 V

386 2176 418 2197 Vl

379 2343 421 2365 vn

370 2455 423 2477 vui

422 1523 427 1529 .
455 1500 500 1529 De
517 1496 713 1540 temporibus
731 1496 972 1540 Prophetarum.

421 1579 427 1585 .
454 1556 521 1592 Quo
548 1557 692 1595 tempore
712 1554 751 1585 sit
779 1553 909 1596 impleta
934 1553 1097 1596 promissio
1115 1552 1171 1585 Dei
1197 1551 1237 1584 de
1264 1556 1349 1585 terra
1382 1551 1554 1596 chanaan,

476 1620 571 1651 quam
589 1609 619 1640 in
631 1608 856 1651 possessionem
872 1609 967 1642 etiam
981 1607 1076 1640 Israel
1096 1607 1228 1640 carnalis
1241 1608 1378 1650 accepit.

425 1691 430 1697 .
457 1667 503 1697 De
528 1665 694 1707 tripertitis
721 1663 998 1707 significationibus
1033 1665 1262 1706 Prophetarum
1279 1690 1287 1708 ,
1318 1676 1386 1708 qua:
1408 1676 1489 1697 nunc
1518 1665 1557 1697 ad

477 1724 651 1760 terrenam,
664 1731 746 1752 nunc
758 1721 798 1752 ad
810 1719 970 1752 caelestem
982 1720 1170 1763 Jerusalem,
1186 1731 1269 1753 nunc
1281 1725 1386 1753 autem
1397 1721 1436 1752 ad
1445 1724 1561 1753 utram-

477 1786 539 1818 quc
556 1775 746 1807 referuntur.

425 1858 430 1864 .
458 1834 502 1863 De
521 1831 717 1873 praetigurata
738 1831 987 1863 comnmtatione
1001 1831 1159 1863 israelitici
1177 1831 1264 1873 regni
1282 1835 1314 1864 et
1331 1831 1511 1872 sacerdotii,
1528 1835 1561 1863 et

480 1887 519 1918 ‹le
539 1886 585 1917 his
602 1898 670 1929 quae
688 1889 775 1919 Anna
792 1891 894 1919 mater
914 1886 1065 1919 Samuelis
1084 1898 1250 1930 personam
1276 1897 1387 1930 gerens
1412 1886 1560 1919 Ecclesia:

480 1942 697 1985 prophetavit.

428 2023 433 2030 .
460 1999 506 2030 De
526 1997 587 2039 his,
605 2009 673 2040 quae
692 1998 731 2030 ad
749 1997 1028 2030 llelisacerdotem
1045 1996 1139 2030 homo
1156 1997 1213 2031 Dei
1231 1996 1419 2041 prophetico
1437 1996 1561 2030 locutus

486 2058 535 2086 est
552 2054 683 2097 Spiritu,
710 2055 886 2097 significans
910 2054 1144 2097 sacerdotium¹
1164 2055 1248 2099 quod
1263 2055 1436 2087 secundum
1457 2056 1562 2087 Aaron

481 2109 659 2142 institutum
676 2109 794 2151 fuerat,
807 2109 1026 2142 auferendum.

424 2190 429 2196 .
456 2167 502 2198 De
516 2165 645 2206 judaico
663 2164 839 2197 sacerdotio
851 2169 883 2197 et
899 2175 1007 2207 reguo,
1026 2175 1095 2206 quae
1111 2175 1184 2196 cum
1198 2164 1230 2196 in
1246 2168 1398 2196 aeternum
1414 2162 1561 2195 dicantur

480 2226 612 2263 statuta,
630 2232 690 2253 non
702 2225 907 2264 permanentq
925 2219 1029 2252 utalia
1045 2219 1274 2262 intelligantur,
1289 2229 1421 2262 quorum
1438 2218 1570 2261 sponde-

481 2277 712 2309 turaeternitas.

427 2359 432 2365 .
460 2335 505 2366 De
524 2332 819 2376 disruptioueregni
839 2332 1012 2374 israelitici,
1035 2342 1094 2375 qua
1112 2331 1328 2374 praeliguratur
1346 2333 1501 2374 Perpetua
1522 2329 1570 2362 di-

481 2388 559 2421 visio
572 2388 693 2421 Isi-afilis
710 2387 859 2430 spiritalis
877 2387 916 2419 ab
932 2387 1047 2419 lsi-:¹510
1068 2385 1198 2419 carrnli.

430 2469 435 2476 .
463 2445 508 2477 Dc
533 2442 790 2487 promissionibus
806 2443 844 2475 <nl
869 2442 967 2475 Darii!
993 2443 1020 2475 iu
1041 2441 1101 2474 {itio
1123 2441 1210 2483 cjtu,
1236 2452 1303 2485 qua·r
1331 2439 1506 2474 multati-nis
1537 2439 1566 2473 iu

481 2499 660 2542 Salomone,
680 2499 734 2532 sed
752 2497 930 2543 plenissimo
949 2496 1152 2532 inveniuntur
1175 2494 1204 2531 iu
1222 2496 1356 2531 cirtam.

1603 1500 1667 1532 365

1603 1611 1666 1641 367

1605 1833 1668 1864 369

1606 1944 1667 1974 371

1606 2110 1667 2140 381

1614 2275 1675 2306 387

1613 2386 1677 2417 300

1613 2495 1675 2526 :393
