1742 2860
478 218 532 245 DE
561 217 758 245 crvi‘rATE
791 218 878 257 DEI,
914 218 1036 247 Lmssn
1070 221 1141 247 xv.
1394 213 1477 252 233

93 291 271 338 autem,
306 282 406 344 quia
434 282 559 327 bonis
581 282 626 327 in
652 281 841 329 deterius
874 283 1194 331 declinantibus
1213 321 1224 342 ,
1252 287 1356 333 tales
1384 291 1481 334 uni-

94 354 205 401 versi
236 353 342 399 sacti
363 353 536 400 fuerant
560 374 569 399 ε
596 363 647 400 ut
669 354 834 401 diluvio
861 355 1134 413 delerentur,
1175 368 1356 419 excepto
1390 376 1480 405 uno

85 427 230 489 justo,
269 427 339 472 cui
366 442 527 472 nomen
549 434 640 471 erat
669 429 783 482 Noe',
824 436 867 472 et
897 429 987 489 ejus
1011 430 1225 490 conjuge,
1262 438 1305 475 et
1339 431 1480 476 tribus

91 497 213 553 filiis,
243 496 514 559 totidemque
535 497 742 554 nuribus,
767 497 844 559 qui
866 499 1061 544 homines
1085 509 1184 545 octo
1206 516 1256 545 ex
1281 500 1355 546 illa
1379 517 1475 546 om-

90 567 215 613 nium
244 567 482 614 vastatione
519 567 770 614 mortalium
803 583 880 629 per
913 584 1056 616 arcam
1094 569 1277 616 evadere
1305 587 1478 617 merue-

93 642 240 685 runt¹.

150 714 208 756 11.
235 711 364 767 Quod
385 711 516 771 igitur
539 711 745 772 scriptum
768 721 852 757 est:
883 731 901 755 «
928 714 983 758 Et
1017 713 1222 774 cognovit
1245 715 1354 760 Ca'in
1370 732 1480 761 uxo-

93 801 113 824 »
132 798 221 827 rem
236 797 374 838 suam,
399 791 441 828 et
452 783 701 842 concipiens
714 783 882 843 peperit
897 784 1066 842 Enoch3
1082 794 1124 829 ct
1146 794 1238 829 erat
1259 784 1477 831 aedifieans

94 872 113 895 n
131 854 347 899 civitatem
369 853 414 898 in
436 853 613 898 nomine
628 854 703 898 filii
725 855 789 899 sui
812 856 965 899 Enoch
979 857 994 880 ²
1023 875 1031 901 :
1057 874 1075 897 »
1104 871 1192 901 non
1216 865 1279 901 est
1300 857 1479 918 quidem

89 938 384 986 consequens,
410 933 460 968 ut
485 923 615 969 istum
648 924 839 985 primum
865 925 1003 971 filium
1027 926 1223 985 genuisse
1256 927 1473 972 credatur.

89 997 241 1057 Neque
256 995 371 1041 enim
383 996 467 1040 hoc
479 1011 529 1040 ex
542 1012 592 1040 eo
608 994 852 1055 putandum
870 1007 949 1052 est,
966 997 1066 1058 quia
1078 998 1219 1043 dictus
1239 1007 1301 1042 est
1313 1015 1478 1058 cogno-

89 1066 198 1111 visse
210 1080 387 1112 uxorem
397 1066 664 1127 suani‚‹111asi
680 1076 783 1111 tunc
798 1083 841 1112 se
856 1066 916 1111 illi
928 1068 1128 1128 primitus
1144 1069 1480 1115 concumbendo

86 1136 341 1183 miscuisset.
362 1137 471 1182 Nam
491 1146 534 1182 et
556 1137 610 1181 de
624 1137 716 1197 ipso
739 1146 859 1197 patre
877 1139 1075 1183 oninium
1098 1137 1238 1183 Adam
1262 1154 1351 1183 non
1371 1148 1477 1183 tune

87 1207 229 1254 solum
243 1209 361 1254 hunc
376 1206 541 1253 dictum
560 1216 643 1263 est,
662 1208 839 1269 quando
854 1219 1090 1269 conceptus
1106 1220 1169 1255 est
1183 1214 1293 1257 Cain
1310 1246 1319 1266 ,
1346 1227 1478 1271 quem

88 1281 429 1343 primogenitum
467 1279 640 1324 videtur
690 1280 891 1326 habuisse
919 1300 926 1327 :
952 1283 1236 1327 verumetiam
1266 1283 1479 1342 posterius

88 1351 242 1398 eadem
277 1352 497 1413 Scriptura
529 1370 536 1396 :
585 1370 605 1393 ‹<
637 1351 886 1411 Cognovit,
932 1351 1102 1413 inquit,
1135 1352 1275 1398 Adam
1302 1368 1480 1397 uxorem

91 1442 111 1464 »
130 1438 252 1469 suam
274 1426 427 1479 Evam,
449 1432 492 1467 et
513 1422 728 1482 concepit,
757 1432 799 1467 et
817 1423 983 1483 peperit
998 1422 1152 1478 lilium,
1177 1433 1219 1468 et
1240 1423 1482 1468 nominavit

92 1509 289 1540 »nomen
314 1493 429 1539 illius
455 1495 557 1539 Seth
574 1495 605 1537 ³.
637 1512 656 1535 »
684 1491 808 1539 Unde
831 1494 1086 1553 intelligitur
1112 1495 1170 1539 ita
1201 1495 1337 1540 solere
1362 1494 1479 1538 illam

91 1566 358 1627 Scripturam
376 1564 515 1626 loqui,
541 1564 736 1626 quamvis
760 1580 848 1609 non
872 1580 1040 1624 semper
1062 1581 1162 1610 cum
1187 1566 1230 1609 in
1254 1582 1298 1609 ea
1325 1565 1481 1623 legitur

89 1635 225 1682 factos
243 1635 473 1682 hominum
491 1633 620 1680 fuisse
645 1645 882 1696 conceptus
899 1672 909 1691 ‚
936 1646 1185 1681 nontamen
1212 1636 1352 1681 solnm
1380 1652 1481 1680 cnm

89 1708 279 1768 primum
302 1707 381 1752 sibi
397 1723 520 1752 sexus
543 1716 729 1766 uterque
749 1707 967 1751 miscetur.
997 1709 1084 1752 Nec
1108 1706 1217 1751 illud
1242 1707 1480 1751 necessario

88 1789 153 1825 est
166 1788 440 1840 argumento,
458 1788 505 1824 nt
520 1778 856 1839 primogenitum
876 1779 985 1839 patri
1002 1780 1292 1823 existimemus
1308 1779 1477 1833 Enoch,

88 1852 210 1912 quod
231 1851 320 1911 ejus
344 1850 519 1894 nomine
539 1849 687 1894 civitas
711 1849 781 1893 illa
798 1859 1048 1909 nuncupata
1070 1859 1146 1894 est.
1173 1851 1269 1894 Non
1288 1849 1403 1893 enim
1427 1850 1480 1893 ab

89 1937 135 1967 rc
152 1930 239 1976 est,
267 1929 317 1966 ut
338 1929 513 1980 propter
534 1918 722 1980 aliquam
746 1935 918 1963 causam
934 1955 944 1974 ‚
965 1935 1065 1964 cum
1089 1929 1130 1963 et
1154 1920 1257 1963 alios
1280 1920 1476 1974 haberet,

90 1991 289 2052 diligeret
311 2007 411 2036 eum
435 2001 555 2051 pater
577 1991 742 2036 creteris
757 1990 1119 2051 amplius.Ne(pte
1143 1991 1258 2034 enim
1282 1999 1324 2034 et
1347 1990 1481 2033 Jndas

90 2063 404 2124 primogenitus
426 2062 530 2117 fuit,
558 2079 580 2107 a
604 2079 693 2123 quo
716 2060 869 2106 Judaea
892 2061 1196 2121 cognominata
1223 2071 1308 2115 est,
1336 2070 1377 2105 et
1400 2063 1481 2105 Ju-

91 2134 189 2179 daei.
217 2134 301 2180 Sed
317 2134 483 2179 etiamsi
506 2134 721 2179 conditori
744 2133 927 2178 civitatis
951 2132 1064 2177 illius
1088 2133 1164 2176 istc
1182 2132 1294 2176 lilius
1318 2133 1481 2192 primus

90 2216 155 2251 est
175 2216 325 2261 natus,
357 2222 445 2251 non
475 2205 572 2251 idco
596 2204 842 2266 putandum
871 2214 932 2249 est
962 2214 1065 2249 tune
1095 2220 1117 2247 a
1144 2214 1265 2264 patre
1295 2203 1483 2249 eonditae

91 2278 254 2324 civitati
282 2294 442 2322 nomen
473 2279 563 2339 ejus
586 2277 836 2338 impositum
860 2313 870 2333 7
911 2276 1088 2338 quando
1111 2286 1238 2320 natus
1263 2285 1349 2334 cst3
1381 2276 1482 2335 quia

91 2364 172 2394 nec
211 2349 415 2394 constitui
458 2358 563 2394 tunc
601 2349 656 2393 ab
691 2365 778 2393 uno
796 2357 965 2408 poterat
1003 2348 1151 2392 civitas
1190 2366 1197 2391 ;
1234 2363 1333 2407 qum
1374 2345 1483 2389 nihil

91 2419 209 2466 aliud
232 2430 294 2466 est
315 2435 447 2482 quam
464 2419 692 2466 hominum
714 2418 952 2464 multitudo
976 2418 1123 2479 aliquo
1146 2417 1364 2462 societatis
1382 2416 1480 2460 xin—

92 2492 192 2538 culo
213 2491 412 2552 colligata
433 2504 442 2532 t
464 2490 540 2536 sed
556 2507 657 2536 cum
675 2490 787 2536 illius
802 2490 988 2536 hominis
1007 2489 1166 2534 familia
1192 2498 1310 2533 tanta
1330 2503 1481 2531 nume-

140 2584 306 2617 ¹Gen.x·n.
326 2583 448 2617 —21d.
475 2592 652 2625 iv,17.—-
669 2582 681 2606 ⁵
701 2582 780 2615 lbid.
799 2581 852 2616 25.
