1742 2860
307 100 391 142 432
754 113 788 143 s.
824 111 1052 144 Auetrs‘rtm
1084 111 1264 142 muscon

307 193 545 244 provenere
577 179 638 225 ibi
667 181 925 242 scriptorum
959 197 1115 242 magna
1136 181 1329 241 ingenia,
1365 195 1442 242 per
1477 189 1689 238 terrarum

307 252 458 298 orbem
484 252 814 298 Atheniensium
848 252 959 299 saeta
980 269 1059 314 pro
1081 253 1274 298 maximis
1307 251 1596 298 celebrantur.
1624 255 1689 298 Ita

307 338 475 379 eorum,
501 323 575 385 qui
594 322 753 379 secere,
790 326 924 370 virtus
958 334 1076 369 tanta
1110 325 1324 381 habetur,
1353 333 1568 386 quantum
1592 338 1688 368 eam

305 396 447 441 verbis
469 405 649 457 potuere
672 395 875 441 extollere
898 396 1102 458 praeelara
1126 397 1314 458 ingenia.
1342 415 1362 438 »
1384 396 1563 441 Accedit
1584 396 1689 441 huie

307 467 469 514 civitati
492 483 579 512 non
610 483 739 528 parva
763 469 893 513 etiam
915 485 965 513 ex
993 469 1144 515 litteris
1168 478 1210 513 et
1238 467 1506 529 philosophis
1528 467 1660 528 gloria
1675 503 1686 524 ,

308 538 511 602 quodibi
541 539 812 599 potissimum
845 540 943 586 talia
973 541 1114 586 studia
1136 541 1384 601 viguerunt.
1410 543 1519 587 Nam
1547 555 1689 601 quan-

308 620 401 659 tum
429 609 582 654 attinet
606 609 659 654 ad
694 611 922 671 imperium
938 648 948 667 ‚
983 611 1154 657 nullum
1186 613 1324 674 majus
1347 611 1495 672 primis
1519 620 1690 671 tempo-

308 681 452 737 ribus,
492 697 623 741 quam
663 683 936 741 Assyriorum
969 682 1072 739 fuit,
1114 699 1193 728 nee
1230 692 1318 728 tam
1355 682 1485 742 longe
1517 681 1691 743 lateque

309 751 535 797 diffusum.
568 751 740 813 Quippe
763 754 839 798 ubi
868 755 1004 800 Ninus
1034 770 1128 809 rex,
1164 753 1255 798 Beli
1283 753 1421 808 filius,
1446 753 1691 798 universam

309 823 498 878 Asiam¹‚
523 839 622 884 quae
646 823 775 869 totius
797 825 912 869 orbis
939 824 993 869 ad
1012 840 1242 869 numerum
1265 824 1454 885 partium
1476 823 1601 868 tertia
1625 821 1692 867 di-

310 895 446 950 eitur,
482 893 536 939 ad
560 894 908 954 magnitudinem
932 911 1033 940 vero
1067 894 1245 940 dimidia
1279 895 1516 955 reperitur,
1552 909 1692 955 usque

309 965 366 1011 ad
388 964 538 1023 Lybiae
561 965 667 1009 fines
700 965 919 1025 subegisse
941 966 1141 1012 traditur.
1174 965 1281 1012 Solis
1312 966 1474 1027 quippe
1498 964 1616 1010 Indis
1647 965 1693 1010 in

309 1037 505 1098 partibus
535 1036 722 1081 Orientis
745 1053 833 1082 non
857 1036 1165 1082 dominabatur
1190 1056 1198 1085 ε
1224 1053 1333 1098 quos
1359 1046 1521 1093 tamen,
1543 1052 1594 1081 eo
1617 1035 1693 1081 de-

310 1108 478 1164 funeto,
507 1108 749 1153 Semiramis
784 1125 891 1154 uxor
923 1111 1014 1171 ejus
1045 1119 1107 1154 est
1144 1125 1341 1169 aggressa
1365 1107 1586 1154 bellando.
1626 1110 1691 1153 Ita

310 1179 586 1235 factumest,
612 1188 663 1224 ut
682 1179 950 1242 quicumque
977 1181 1022 1225 in
1044 1179 1127 1226 illis
1151 1181 1272 1225 terris
1293 1179 1470 1242 populi,
1506 1179 1594 1226 sive
1622 1194 1692 1224 re-

312 1267 382 1313 ges
405 1260 542 1307 erant,
569 1251 843 1309 Assyriorum
863 1267 996 1311 regno
1015 1250 1256 1312 ditionique
1270 1260 1487 1312 parerent,
1513 1259 1555 1295 et
1569 1249 1695 1312 quid-

311 1322 418 1384 quid
438 1322 723 1382 imperaretur
745 1323 982 1369 efficerent.
1011 1322 1232 1367 Abraham
1258 1322 1392 1382 igitur
1414 1322 1459 1366 in
1486 1337 1536 1366 eo
1561 1336 1695 1380 regno

311 1391 429 1454 apud
459 1391 688 1438 Chaldoeos
709 1392 808 1437 Nini
827 1392 1095 1453 temporibus
1123 1402 1250 1438 natus
1274 1402 1351 1437 est.
1381 1393 1464 1438 Sed
1487 1392 1694 1454 quoniam

312 1478 377 1507 res
402 1479 554 1522 graecae
588 1462 729 1508 multo
761 1473 863 1508 sunt
885 1464 1010 1509 nobis
1046 1479 1179 1525 quam
1213 1463 1384 1523 assyriae
1412 1463 1626 1519 notiores,
1653 1471 1697 1507 et

311 1551 389 1595 per
411 1536 581 1579 Graeeos
600 1533 655 1579 ad
672 1534 870 1590 Latinos,
898 1551 946 1580 ac
968 1534 1125 1579 deinde
1143 1535 1197 1579 ad
1220 1538 1452 1589 Romanos⁷
1474 1535 1549 1596 qui
1568 1533 1696 1580 etiam

312 1605 390 1665 ipsi
410 1605 551 1650 Latini
570 1615 685 1660 sunt,
705 1615 951 1666 temporum
969 1607 1120 1651 seriem
1138 1605 1413 1650 deduxerunt
1429 1606 1504 1666 qui
1524 1615 1696 1665 gentem

313 1676 465 1737 populi
499 1677 665 1720 romani
694 1676 738 1719 in
770 1676 945 1735 originis
981 1679 1073 1737 ejus
1107 1677 1365 1737 antiquitate
1399 1676 1540 1721 rimati
1571 1685 1693 1732 sunt,

315 1748 372 1793 ob
394 1748 476 1791 hoe
495 1746 721 1801 debemus,
746 1747 822 1790 ubi
844 1763 952 1806 opus
975 1757 1052 1802 est,
1075 1749 1254 1806 assyrios
1285 1763 1523 1791 memorare
1543 1764 1661 1807 reges
1685 1767 1693 1793 :

314 1827 364 1863 ut
379 1827 579 1878 appareat
593 1815 885 1878 quemadmod
894 1833 962 1860 um
982 1817 1235 1875 Babylonia,
1254 1818 1374 1879 quasi
1389 1819 1526 1878 prima
1542 1821 1693 1874 Roma,

315 1905 415 1933 cum
438 1888 663 1948 peregrina
686 1887 730 1931 in
755 1888 837 1931 hoe
860 1887 1026 1932 mundo
1045 1888 1121 1932 Dei
1143 1889 1326 1934 Civitati}
1347 1898 1587 1949 procurrat.
1614 1892 1697 1934 Res

316 1969 458 2004 autem
478 1996 488 2015 ‚
514 1975 621 2021 quas
644 1968 821 2019 propter
843 1958 1211 2018 comparationem
1226 1959 1419 2005 Civitatis
1442 1960 1669 2021 utriusque
1684 1995 1694 2015 ‚

316 2040 497 2077 terrente
520 2030 682 2075 scilieet
714 2039 756 2075 et
779 2030 979 2085 coelestis,
1005 2030 1107 2074 huie
1131 2031 1260 2091 Operi
1284 2040 1454 2091 oportet
1477 2030 1664 2075 inserere
1681 2066 1692 2086 ‚

315 2102 450 2161 magis
479 2117 530 2145 ex
554 2101 713 2146 Graeeis
743 2109 785 2144 et
807 2100 991 2155 Latinis,
1031 2100 1107 2144 ubi
1131 2110 1173 2145 et
1203 2101 1293 2160 ipsa
1318 2105 1453 2147 Roma
1486 2101 1608 2162 quasi
1629 2117 1698 2147 se-

317 2173 459 2218 cunda
480 2171 719 2231 Babylonia
739 2181 826 2226 est,
853 2171 1063 2215 debemus
1087 2187 1316 2216 assumere.

378 2246 459 2289 ΙΙΙ.
488 2243 673 2297 Quando
706 2258 809 2301 ergo
844 2250 968 2286 natus
998 2251 1062 2286 est
1089 2242 1335 2298 Abraham,
1369 2242 1548 2287 secundi
1580 2258 1699 2302 reges

318 2323 464 2371 erant⁷
497 2313 614 2375 apud
640 2312 834 2372 Assyrios
862 2313 1024 2368 Ninus,
1067 2312 1183 2373 apud
1213 2313 1433 2373 Sicyonios
1456 2316 1656 2375 Eur0ps2
1687 2334 1696 2361 ι

369 2423 468 2456 ¹Vide
487 2423 569 2461 infra
587 2432 659 2471 cap.
684 2432 741 2460 22.
767 2428 796 2458 ct
814 2431 906 2467 supra
926 2422 983 2459 lib.
1000 2432 1066 2467 xvi,
1088 2431 1118 2458 c.
1141 2431 1190 2467 17.
1212 2427 1245 2459 ct
1262 2423 1319 2459 lib.
1335 2434 1379 2467 ιν,
1394 2434 1423 2458 c.
1439 2422 1473 2458 6.
1490 2436 1532 2448 ·--
1554 2422 1696 2460 ²Euseb.

321 2480 352 2511 in
371 2478 485 2513 Cluen.
