1742 2860
607 114 877 142 Amo'rnlou
885 115 944 141 Es.
1383 99 1465 138 535

455 258 710 303 Auum-mo
739 256 835 316 (15)
862 268 963 317 pag.
999 257 1100 300 34⁷.

148 392 369 439 Secundas
407 393 583 453 nuptias
627 392 926 453 cataphryges
972 388 1083 436 nihil
1121 405 1145 435 a
1184 387 1471 434 fornicatione

87 462 263 509 differre
281 463 531 519 censebant,
557 473 608 508 ut
628 462 778 508 scribit
797 462 1067 522 Augustinus
1093 461 1139 506 in
1155 458 1233 505 lib.
1256 458 1312 504 de
1333 459 1473 503 haere-

90 534 208 580 sibus
231 534 287 580 ad
316 531 720 598 Quodvultdeum,
745 549 784 578 c.
821 539 890 578 26.

454 684 709 727 Amonno
739 682 834 740 (16)
864 694 962 742 pag.
1001 684 1100 725 431.

147 821 245 865 Jam
266 818 374 864 dixit
408 835 539 879 supra
570 817 648 863 lib.
687 835 778 864 xvi.
811 835 849 863 c.
880 823 947 863 ¹7.
974 826 1126 863 natum
1155 816 1470 871 Abrahamum,

88 907 203 936 anno
217 890 436 951 regnantis
453 890 553 936 Nini
575 890 1076 952 quadragesimo-tertio,
1096 898 1269 934 secutus
1285 887 1475 934 Chroni-

87 979 170 1008 eon
193 962 386 1018 Eusebii‚
412 979 501 1023 quo
523 961 594 1006 alii
616 962 878 1023 improbato,
904 971 1047 1006 ortum
1072 961 1308 1016 Abraham,
1334 959 1388 1005 ad
1407 963 1478 1006 Se·-

89 1034 326 1080 miramidis
348 1049 514 1079 annum
535 1034 992 1094 vigesimum-tertium
1025 1032 1235 1078 referunt.

462 1185 715 1228 ΛΝΝΟΤΑΤΙΟ
746 1183 841 1242 (17)
870 1197 970 1243 pag.
1008 1187 1106 1227 433.

147 1317 416 1378 Babylonem
432 1336 454 1364 a
475 1318 756 1365 Semiramide
773 1328 1013 1364 extructam
1032 1327 1227 1364 asserunt
1244 1317 1475 1373 Diodorus,

89 1391 299 1446 Jusfinus,
323 1400 405 1436 etc.
425 1392 638 1451 Josephus
660 1407 780 1446 vero,
806 1391 1036 1445 Eusebius,
1062 1389 1358 1447 Marcellinus3
1384 1388 1478 1434 alii-

88 1479 174 1524 que
196 1464 477 1508 instauratam
501 1462 776 1507 solummodo
802 1463 856 1507 ab
879 1479 926 1507 oa
949 1461 1123 1516 dieunt,
1150 1471 1191 1505 et
1215 1461 1479 1522 amplissimo

89 1535 303 1579 moenium
328 1535 496 1579 ambitu
519 1535 702 1579 cinctam
719 1571 728 1589 ‚
754 1535 829 1595 qui
854 1535 965 1578 inter
987 1533 1195 1580 miracula
1219 1533 1372 1579 mundi
1396 1550 1479 1578 nu-

90 1614 307 1662 meratur,
332 1605 556 1667 stadiaque
579 1605 895 1666 quadringenta
920 1615 962 1649 et
980 1605 1200 1665 octoginta
1223 1603 1364 1650 fertur
1386 1603 1479 1650 col-

90 1675 257 1736 legisse.

456 1804 710 1846 Axsormm
740 1802 837 1859 (18)
868 1815 964 1860 pag.
993 1804 1092 1844 433.

152 1945 284 1991 Vind.
310 1949 409 1992 Am.
442 1955 486 1992 et
517 1946 592 1992 Er.
616 1945 905 1992 Hermaseo.
941 1947 1151 1993 Nonnulli
1182 1949 1479 2009 manuscripti,

94 2018 323 2079 Amytlzo.
349 2017 435 2063 Alii
459 2034 559 2063 cum
583 2022 689 2064 Lov.
717 2018 926 2064 sslczmico
948 2039 959 2064 2
975 2021 1096 2081 juxta
1120 2019 1380 2075 Eusebium,
1408 2021 1483 2081 qui

92 2097 241 2134 tamen
257 2089 376 2133 hunc
395 2104 484 2133 non
506 2087 836 2144 duodecimum,
864 2089 937 2135 sed
966 2089 1249 2136 undecimum
1283 2091 1483 2149 Assyrio-

97 2176 195 2205 rum
233 2176 377 2220 regem
412 2161 536 2221 ponit
571 2160 764 2206 :deinde
797 2160 1111 2206 duodecimum
1147 2163 1481 2217 Manchae'lum,

95 2231 516 2277 tertium-decimum
550 2233 781 2294 lphercum
798 2269 808 2288 ‚
837 2233 1287 2293 quartum-decimum
1309 2237 1485 2291 Mamy-

97 2310 207 2356 tam,
246 2303 369 2362 cujus
391 2300 488 2348 loco
521 2303 737 2362 Saphrum
767 2303 907 2364 capite
929 2303 1127 2364 sequenti
1156 2303 1287 2348 refert
1314 2308 1486 2361 Augu-s·

100 2380 229 2417 unus.
