1742 2860
260 72 344 112 426
689 87 723 112 s.
760 83 989 113 AUGUSTIM
1021 84 1201 112 EPISCOPI

258 225 467 241 mmmmm
473 222 1243 241 mmmmmnwmm=mmmmnm
1249 222 1315 238 m
1321 222 1385 238 Nm
1390 221 1633 239 mmmm

721 376 938 423 CAPUT
986 376 1182 422 XXIII.

255 519 333 566 De
364 519 500 564 vario
531 519 772 577 utriusque
801 519 941 581 regni
968 516 1287 562 Hebrseorum
1309 525 1435 561 statu
1451 552 1465 572 ,
1491 514 1641 561 donec

314 590 458 653 ambo
478 589 648 651 populi
673 591 719 634 in
751 591 1081 650 captivitatem
1106 588 1290 635 diverso
1324 598 1533 649 tempore
1556 585 1642 631 (lu-

312 672 536 708 cer-entur
548 698 563 719 ,
590 671 810 708 revocato
829 671 1000 722 postea
1028 659 1161 705 Juda
1195 661 1243 705 ίη
1266 676 1465 722 regnum
1487 674 1639 714 suum,

315 731 447 792 quod
477 734 726 779 novissime
766 734 814 777 z'tz
851 733 1179 778 Romanorwn
1214 731 1403 776 transiit
1430 739 1643 791 potesta-

315 812 423 849 tem.

316 940 515 995 ITEMQUE
538 939 584 983 in
607 955 739 999 regno
762 939 785 983 J
793 938 875 983 uda
890 938 1137 999 pertinente
1159 936 1212 982 ad
1232 936 1487 991 Jerusalem,
1513 935 1643 980 etiam

255 1011 585 1057 succedentium
608 1027 761 1070 regum
784 1010 1054 1071 temporibus
1076 1025 1165 1054 non
1188 1007 1425 1053 defuerunt
1448 1008 1644 1068 Prophe—

256 1093 311 1128 tae
345 1104 353 1130 :
379 1086 492 1129 sieut
524 1088 614 1129 Deo
638 1082 839 1144 placebat
871 1099 941 1127 eos
966 1082 1153 1136 mittere⁷
1178 1080 1248 1125 vel
1270 1080 1325 1125 ad
1347 1079 1646 1140 praenuntian-

256 1155 361 1200 dum
401 1155 521 1217 quod
556 1172 663 1218 opus
686 1164 777 1200 erat
794 1191 804 1211 ,
838 1154 908 1200 vel
931 1153 988 1198 ad
1014 1151 1284 1213 corripienda
1304 1161 1505 1212 peecata,
1531 1167 1645 1211 prze-

260 1227 593 1288 cipiendamque
615 1227 842 1289 justitiam.
880 1229 989 1272 Nam
1019 1235 1062 1269 et
1099 1224 1186 1269 illie
1208 1260 1218 1280 ,
1251 1225 1327 1268 etsi
1349 1223 1479 1283 longe
1502 1223 1645 1267 minus

257 1315 387 1360 quam
405 1299 451 1342 in
475 1298 623 1355 Israel,
652 1308 797 1343 tamen
820 1299 1056 1342 extiterunt
1078 1312 1214 1356 reges,
1241 1296 1316 1356 qui
1337 1296 1423 1340 suis
1445 1294 1646 1355 impieta-

258 1371 373 1414 tibus
405 1373 544 1414 Deum
574 1370 759 1429 graviter
799 1367 1099 1423 offenderent,
1127 1377 1170 1411 et
1198 1366 1434 1411 moderatis
1464 1363 1645 1424 flagellis

258 1456 357 1486 cum
380 1439 543 1500 populo
567 1438 691 1483 simili
718 1438 1026 1500 plecterentur.
1054 1437 1231 1481 Piorum
1254 1452 1355 1480 sane
1379 1451 1529 1495 regum
1554 1450 1647 1478 me-

258 1511 338 1555 rita
362 1511 422 1555 ibi
447 1527 535 1555 non
558 1526 689 1571 parva
722 1509 973 1554 laudantur.
1004 1512 1055 1553 In
1080 1507 1211 1553 Israe'l
1234 1517 1378 1552 autem
1403 1523 1521 1566 reges
1544 1505 1648 1551 alios

259 1582 406 1641 magis,
433 1581 536 1627 alios
554 1582 712 1637 minus,
739 1597 888 1626 omnes
910 1590 1056 1625 tamen
1075 1579 1280 1640 reprobos
1299 1579 1496 1638 legimus.
1520 1580 1648 1622 Utra-

259 1668 343 1714 que
372 1652 503 1711 igitur
524 1668 621 1713 pars
638 1687 649 1708 ‚
675 1652 786 1696 sicut
808 1651 996 1712 jubebat
1013 1650 1159 1694 divina
1183 1648 1475 1704 Providentia,
1498 1646 1567 1692 vel
1589 1647 1649 1692 si-

260 1724 409 1779 nebat,
433 1723 560 1768 variis
577 1732 619 1767 et
640 1724 887 1782 erigebatur
906 1721 1278 1782 prosperitatibus,
1313 1730 1357 1765 et
1379 1719 1651 1764 adversitati-

260 1794 341 1839 bus
364 1794 647 1854 premebatur
673 1813 681 1838 :
708 1802 751 1837 et
772 1793 831 1836 sie
855 1792 1145 1851 affligebatur,
1174 1807 1262 1835 non
1285 1790 1428 1835 solum
1445 1789 1645 1844 externis,

259 1865 544 1911 verumetiam
566 1865 679 1910 inter
696 1880 738 1909 se
756 1862 956 1909 civilibus
979 1861 1104 1906 bellis
1123 1898 1132 1918 ‚
1155 1872 1205 1906 ut
1227 1861 1352 1907 certis
1371 1860 1650 1905 existentibus

261 1937 422 1991 causis,
458 1934 748 1981 misericordia
783 1934 858 1979 Dei
891 1933 963 1978 vel
995 1933 1054 1977 ira
1087 1942 1351 1993 patesceret3
1386 1931 1525 1976 donec
1559 1933 1651 1992 ejus

261 2007 559 2067 indignatione
577 2016 822 2062 crescente,
849 2006 1046 2049 universa
1073 2020 1176 2064 gens
1200 2003 1273 2048 illa
1296 2020 1318 2047 a
1336 2001 1550 2047 Chaldaeis
1571 2001 1650 2046 de-

263 2079 548 2133 bellantibus,
575 2095 663 2123 non
686 2077 824 2122 solum
845 2077 1169 2121 subverteretur
1187 2075 1231 2119 in
1255 2074 1429 2119 sedibus
1453 2074 1554 2128 suis⁷
1576 2073 1651 2118 sed

263 2151 392 2195 etiam
415 2167 466 2195 ex
483 2151 666 2195 maxima
686 2149 750 2193 sui
773 2158 894 2208 parte
912 2146 1216 2192 transferretur
1238 2147 1280 2189 in
1301 2155 1433 2189 terras
1455 2144 1652 2202 Assyrio-

263 2239 382 2278 rum,
408 2223 525 2283 prius
557 2221 630 2266 illa
656 2238 778 2281 pars,
815 2236 913 2280 quae
936 2219 1173 2263 vocabatur
1208 2217 1335 2261 Isra'el
1367 2217 1412 2260 in
1444 2216 1648 2262 tribubus

264 2293 441 2352 decem3
476 2303 624 2353 postea
657 2308 759 2337 vero
797 2291 925 2335 etiam
961 2289 1122 2343 Judas‚
1158 2304 1303 2332 eversa
1339 2287 1576 2332 Jerusalem
1610 2295 1654 2330 et

264 2364 427 2424 templo
450 2363 524 2408 illo
547 2362 816 2408 nobilissimo
843 2380 851 2405 ε
886 2360 928 2404 in
957 2359 1116 2420 quibus
1139 2358 1260 2403 terris
1283 2373 1360 2418 per
1394 2373 1528 2402 annos
1552 2372 1650 2416 sep-

265 2435 460 2494 tuaginta
492 2434 711 2496 captivum
741 2433 829 2493 egit
857 2432 1009 2477 otium.
1049 2434 1149 2476 Post
1179 2446 1288 2491 quos
1321 2428 1422 2474 inde
1450 2428 1647 2482 dimissa,
