1742 2860
260 127 343 166 550
864 141 1012 167 mnex.

256 209 330 239 CAr.
342 209 470 240 xxv.De
488 217 561 240 vera
580 206 790 248 beatitudine,
807 218 901 250 quam
918 208 1102 251 temporalis
1115 209 1182 241 vita
1200 221 1261 241 non
1279 210 1414 243 obtinet.
1571 214 1635 246 209

312 274 399 295 xxvi.
425 263 514 301 Quod
526 262 661 294 felicitas
675 263 704 293 in
717 263 860 305 paradiso
875 265 1067 304 viventium,
1079 266 1145 297 sine
1159 266 1375 299 erubescendo
1383 268 1528 310 appetitu

448 318 619 360 generandi
634 318 772 350 osticium
786 320 945 352 credenda
964 320 1004 351 sit
1021 321 1154 363 implere
1172 322 1323 364 potuisse.
1570 325 1636 356 210

298 386 396 407 xxvn.
422 377 467 407 De
485 375 707 417 peccatoribus
722 401 729 416 ‚
751 378 785 406 et
802 376 943 418 Angelis,
961 382 994 408 et
1011 376 1201 421 hominibus,
1218 389 1352 422 quorum
1369 379 1527 422 perversi-

443 434 493 462 tas
509 441 569 462 non
582 429 750 474 perturbat
764 431 997 472 providentiam
1014 433 1082 464 Dei.
1569 436 1634 466 213

280 496 397 519 xxvm.
423 488 470 519 De
485 487 638 531 qualitate
652 486 785 519 duarum
801 486 989 530 civitatum,
1005 492 1138 522 terrente
1156 494 1253 534 atque
1269 488 1416 523 coelestis.
1571 492 1638 523 214

798 608 970 651 LIBER
1001 608 1098 651 XV.

252 727 449 774 Postquam
470 728 543 774 egit
557 733 718 774 quatuor
740 729 906 775 proxime
926 730 1229 766 antecedentibus
1255 730 1355 766 libris
1371 731 1416 766 de
1438 730 1637 767 Civitatum

299 787 480 832 duarum,
495 793 653 821 terrenae
668 797 710 823 ae
725 787 882 822 coelestis
896 794 1048 830 exortu,
1069 788 1179 824 libros
1194 789 1344 824 totidem
1362 789 1407 824 de
1422 790 1637 824 earumdem

299 843 498 880 civitatum
516 854 701 890 procursu
714 844 901 890 subjungit
920 846 1151 891 Augustinus
1164 872 1174 889 ,
1191 847 1302 891 idque
1320 853 1577 892 argumentum
1595 857 1636 882 ea

300 902 440 938 ratione
469 902 706 948 aggreditur,
738 908 777 938 ut
812 903 1001 949 praecipua
1032 904 1151 950 capita
1180 915 1294 940 sacrae
1314 905 1484 941 Historiae
1509 905 1638 940 eodem

299 960 502 1006 spectantia
529 966 759 1006 pertractet,
785 961 948 1007 primum
975 962 1114 996 scillcet
1133 962 1422 1008 quinto-decimo
1447 962 1515 999 hoc
1545 963 1640 1000 libro

299 1028 381 1064 quae
396 1017 433 1053 in
452 1017 587 1054 Genesi
603 1017 781 1063 leguntur
800 1028 819 1054 a
838 1017 952 1055 Caino
971 1025 1006 1054 et
1025 1019 1142 1055 Abele
1160 1029 1274 1066 usque
1290 1020 1335 1056 ad
1351 1020 1542 1057 diluvium.

271 1106 346 1137 Car.
373 1115 394 1136 ι.
421 1104 467 1135 De
476 1101 598 1134 duobus
614 1101 777 1135 ordinibus
797 1102 1007 1146 generationis
1024 1103 1170 1137 humanae
1187 1104 1218 1137 in
1235 1104 1377 1139 diversos
1392 1105 1468 1139 fines
1488 1106 1530 1139 ab

444 1157 542 1190 initio'
552 1159 781 1201 procurrentis.
1574 1164 1638 1196 216

356 1228 389 1249 n.
415 1218 462 1249 De
478 1216 546 1248 filiis
563 1217 678 1258 carnis,
695 1220 729 1249 et
741 1215 809 1248 filiis
821 1217 1046 1259 promissionis.
1575 1219 1639 1250 218

338 1286 390 1308 111.
416 1276 461 1306 De
478 1273 646 1306 sterilitate
665 1276 761 1315 Sarte,
778 1285 871 1316 quam
888 1274 942 1306 Dei
958 1275 1058 1317 gratia
1073 1273 1281 1306 soecundavit.
1573 1275 1638 1306 220

344 1341 389 1362 1v.
416 1331 463 1362 De
480 1334 615 1362 terrenae
632 1329 776 1361 Civitatis
789 1329 841 1361 vel
859 1330 1114 1371 concertatione,
1131 1330 1182 1362 vel
1198 1341 1288 1372 pace.
1572 1330 1635 1361 221

360 1395 392 1418 v.
420 1387 467 1418 De
483 1385 585 1427 primo
600 1389 733 1416 terrente
750 1384 895 1416 Civitatis
914 1390 1045 1417 auctore
1066 1386 1243 1427 fratricida,
1263 1385 1353 1427 cnjus
1369 1384 1530 1428 impietati

440 1451 578 1473 romanae
596 1440 687 1472 Urbis
700 1440 850 1472 conditor
867 1441 1009 1482 germani
1028 1442 1114 1474 caede
1131 1441 1340 1484 responderit.
1573 1442 1638 1472 223

345 1508 391 1529 vr.
417 1497 462 1528 De
484 1495 710 1537 languoribus,
729 1506 807 1538 quos
836 1506 875 1527 ex
893 1507 984 1538 poena
1011 1497 1138 1538 peccati
1159 1497 1254 1529 etiam
1272 1497 1361 1529 cives
1381 1496 1529 1529 Civitatis

436 1549 496 1584 Dei
512 1550 544 1582 in
560 1550 653 1591 hujus
675 1551 750 1582 vitze
776 1551 1031 1594 peregrinatione
1049 1552 1226 1595 patiuntur,
1246 1557 1279 1586 et
1296 1564 1313 1584 a
1331 1553 1445 1596 quibus
1462 1555 1527 1586 Deo

435 1606 584 1639 medente
601 1611 760 1638 sanantur.
1576 1609 1641 1641 225

331 1673 388 1695 vn.
414 1663 460 1695 De
473 1672 567 1694 causa
586 1666 619 1693 et
635 1661 813 1704 pertinacia
830 1661 958 1694 sceleris
976 1663 1065 1705 Cain,
1080 1673 1175 1706 quem
1187 1663 1359 1696 afacinore
1370 1668 1528 1707 concepto

435 1728 496 1750 nec
514 1717 570 1749 Dei
586 1728 688 1749 sermo
704 1717 882 1749 revocavit.
1575 1718 1639 1750 227

309 1787 386 1809 vm.
414 1777 488 1814 Quae
506 1775 588 1807 ratio
601 1775 711 1817 fuerit,
730 1779 766 1807 ut
783 1776 859 1807 Cai'n
872 1774 956 1807 inter
965 1774 1119 1818 principia
1138 1775 1260 1818 generis
1273 1775 1401 1808 humani
1412 1776 1529 1809 conde-

435 1835 486 1862 ret
504 1830 681 1862 civitatem.
1574 1832 1637 1863 231

344 1897 388 1919 lx.
417 1887 460 1917 De
478 1885 569 1928 longa
588 1885 654 1917 vita
674 1885 835 1917 hominum
851 1911 859 1927 >
877 1896 945 1928 quae
968 1886 1029 1918 suit
1046 1891 1123 1919 ante
1140 1887 1313 1930 diluvium,
1343 1891 1376 1919 et
1401 1887 1441 1919 de
1461 1897 1528 1920 an]-

434 1941 534 1984 pliore
547 1940 753 1972 humanorum
771 1952 938 1983 corporum
956 1942 1067 1973 forma.
1574 1942 1639 1974 234

352 2007 384 2029 x.
410 1999 457 2029 De
476 1996 675 2037 differentia,
695 2008 756 2039 qua
776 1997 858 2029 inter
884 1996 1029 2030 hebraeos
1048 2002 1080 2029 et
1098 2003 1219 2030 nostros
1239 1998 1366 2030 codices
1379 1998 1529 2030 videntur

433 2063 585 2085 annorum
601 2052 723 2084 numeri
734 2053 903 2084 dissonare.
1572 2054 1638 2086 236

343 2119 385 2140 xl.
412 2111 458 2140 De
476 2107 564 2140 annis
585 2107 806 2150 mathusalem,
823 2109 913 2150 cujus
934 2112 1009 2140 aetas
1026 2108 1268 2151 quatuordecim
1284 2108 1371 2141 annis
1395 2108 1526 2141 videtur

437 2163 589 2196 diluvium
607 2165 776 2196 excedere.
1565 2164 1634 2196 237

323 2230 382 2252 x11.
408 2221 452 2251 De
474 2219 622 2261 opinione
648 2231 757 2251 eorum
776 2245 784 2261 ‚
804 2219 857 2261 qai
885 2219 1056 2261 primorum
1079 2225 1257 2263 temporum
1284 2220 1427 2254 homines
1456 2224 1522 2254 tam

430 2275 597 2316 longaevo57
616 2286 708 2317 quam
727 2275 890 2315 scribitur,
916 2275 1011 2306 fuisse
1032 2287 1092 2307 non
1109 2276 1256 2308 credunt.
1562 2275 1629 2306 239

312 2342 383 2362 xm.
411 2331 464 2363 An
486 2330 516 2362 in
530 2330 782 2362 dinumeratione
806 2340 970 2371 annorum,
989 2331 1194 2362 Hebraeorum
1208 2330 1306 2373 magis
1322 2341 1417 2374 quam
1435 2332 1516 2373 Sep·

430 2385 572 2427 tringinta
590 2385 799 2427 interpretum
817 2384 857 2416 sit
873 2386 1031 2426 sequenda
1051 2385 1235 2418 auctoritas.
1562 2383 1629 2416 242

314 2451 380 2472 xiv.
409 2442 453 2472 De
472 2440 634 2483 parilitate
650 2451 816 2481 annorum⁷
838 2439 890 2482 qni
909 2439 1031 2481 iisdem,
1048 2438 1162 2484 quibus
1184 2452 1279 2481 nunc,
1298 2438 1420 2483 spatiis,
1441 2444 1470 2471 ct
1489 2437 1520 2473 iu

429 2494 584 2537 prioribus
596 2495 715 2528 saeculis
733 2500 953 2527 ‹eueni-rertuit.
1565 2496 1583 2524 2
1594 2495 1628 2525 ’ὤ
