1742 2860
227 144 307 183 460
676 159 709 183 s.
746 157 973 184 Aizffls'rim
1008 159 1185 184 nris-com

222 219 276 263 de
304 223 441 265 Marte
475 221 666 280 geminos
696 223 940 281 concepisse
960 258 970 278 ,
1003 223 1081 266 islo
1120 221 1249 267 modo
1285 231 1482 283 stuprum
1513 223 1601 283 ejus

221 292 483 337 honorantes
501 328 511 348 ,
533 292 602 337 vel
625 302 900 350 excusantes,
927 302 970 338 et
992 293 1248 338 adhibentes
1272 303 1597 353 argumentum,

221 363 342 423 quod
369 363 556 408 infantes
582 365 794 423 expositos
816 364 918 425 lupa
948 365 1191 409 nutriverit.
1219 368 1312 410 Hoc
1330 365 1446 409 enim
1469 380 1602 424 genus

221 435 369 479 bestiae
393 434 447 480 ad
469 437 651 480 Martem
675 436 918 480 existimant
951 437 1188 497 pertinere,
1209 446 1259 481 ut
1283 435 1484 482 videlieet
1505 435 1602 480 ideo

220 505 322 567 lupa
342 507 543 552 credatur
561 506 798 553 admovisse
820 508 954 553 ubera
970 507 1174 569 parvulis,
1196 509 1294 570 quia
1314 508 1424 553 filios
1439 507 1604 553 domini

219 578 283 623 sui
305 579 452 624 Martis
476 579 652 638 agnovit
678 597 686 624 ε
712 580 908 641 quamvis
931 595 1020 625 non
1042 580 1181 625 desint
1201 580 1276 641 qui
1300 580 1472 635 dicant,
1504 595 1603 625 cum

220 651 398 710 expositi
428 650 646 709 vagientes
662 652 882 712 jacerent,
909 668 932 696 a
959 652 1104 697 neseio
1133 669 1218 713 qua
1246 653 1434 713 primum
1471 667 1608 696 mere-

219 721 324 766 trice
343 721 471 766 fuisse
486 722 705 779 collectos,
728 733 770 768 et
792 724 950 785 primas
973 725 1063 786 ejus
1080 724 1240 769 suxisse
1253 723 1480 779 mamillas,
1501 726 1607 782 (me-

220 793 393 839 retrices
426 803 571 838 autem
602 793 725 855 lupas
759 796 1000 852 vocabant,
1025 795 1144 841 unde
1167 796 1295 841 ctiam
1326 811 1443 841 nunc
1465 794 1607 855 turpia

219 863 314 909 loca
328 880 476 909 earum
490 864 714 925 lupanaria
734 869 1078 927 nuncupantur),
1097 876 1140 912 et
1156 884 1228 912 eos
1245 876 1392 927 postea
1404 865 1459 911 ad
1471 868 1608 911 Faus-

220 934 363 979 tulum
386 938 626 996 pervenisse
647 947 878 997 pastorem,
901 948 1031 1000 atque
1050 939 1104 982 ab
1127 939 1216 999 ejus
1234 943 1347 983 Acca
1369 953 1500 982 uxore
1522 953 1607 982 nu·-

221 1006 274 1050 tri
282 1016 358 1051 tos.
373 1010 634 1069 Quanquam
647 1009 680 1052 si
691 1009 745 1053 ad
757 1008 1030 1069 arguendum
1043 1010 1260 1054 hominem
1275 1024 1436 1068 regem,
1450 1008 1526 1070 qui
1537 1023 1608 1053 eos

220 1077 265 1121 in
279 1093 436 1138 aquam
451 1078 601 1139 projici
615 1079 849 1123 crudeliter
857 1081 1058 1141 jusserat,
1074 1080 1132 1124 eis
1155 1079 1393 1124 infantibus
1405 1095 1482 1140 per
1500 1093 1609 1140 quos

220 1156 342 1193 tanta
365 1149 513 1194 civitas
536 1150 765 1196 condenda
786 1150 943 1206 suerat,
965 1151 1018 1196 de
1042 1169 1152 1213 aqua
1171 1151 1377 1196 divinitus
1398 1150 1606 1206 liberatis,

221 1234 298 1279 per
323 1219 559 1266 laetantem
583 1221 720 1266 feram
744 1224 856 1267 Deus
880 1222 1018 1268 voluit
1040 1223 1297 1279 subvenire,
1323 1221 1430 1283 quid
1451 1222 1610 1267 mirum

222 1293 317 1335 est?
339 1291 515 1337 Amulio
546 1294 751 1338 successit
784 1294 829 1339 in
862 1310 1043 1352 regnum
1068 1294 1211 1339 latiale
1235 1293 1366 1339 frater
1398 1295 1488 1355 ejus
1519 1296 1612 1338 Nu·-

221 1362 352 1408 mitor
369 1398 380 1419 ,
401 1379 506 1409 avus
531 1365 732 1421 Romuli,
753 1366 876 1427 eujus
896 1366 1133 1413 Numitoris
1150 1366 1290 1427 primo
1306 1381 1420 1411 anno
1437 1364 1611 1410 condita

222 1442 286 1478 est
303 1437 469 1494 Roma,
497 1452 544 1480 ae
561 1452 638 1496 per
664 1437 748 1482 hoe
770 1451 870 1482 cum
893 1452 971 1484 suo
995 1436 1197 1499 deinceps
1214 1472 1225 1493 ,
1250 1436 1298 1483 id
1314 1445 1377 1483 est
1398 1434 1608 1491 Romulo,

223 1514 381 1566 nepote
402 1507 613 1565 regnavit.

224 1649 1610 1675 WssmmmmmmmmxmwwiNmswmxmsssmmmlxmmssw

707 1798 927 1853 CAPUT
966 1802 1134 1854 XXII.

236 1942 383 2010 ‘Quod
414 1965 470 1996 eo
504 1958 712 2010 tempore
750 1948 908 1995 Roma
941 1949 1001 1994 sic
1032 1946 1259 2005 condita,
1297 1963 1389 2008 quo
1418 1962 1615 2011 regnum

287 2022 546 2083 Assystt'imn
588 2020 826 2067 intercidit
837 2056 852 2077 ,
883 2037 975 2079 quo
1007 2019 1248 2066 Ezechias
1290 2018 1530 2083 regnabat
1566 2020 1614 2064 in

287 2090 439 2140 Jucla.

288 2231 356 2278 NE
379 2229 525 2276 multis
543 2245 700 2286 morer,
722 2228 894 2275 condita
914 2238 976 2273 est
993 2228 1139 2273 civitas
1164 2231 1316 2283 Roma,
1341 2226 1463 2273 velut
1484 2226 1616 2272 altera

233 2301 447 2361 Babylon,
473 2312 513 2348 et
543 2301 662 2347 velut
690 2302 842 2361 prioris
875 2301 959 2345 filia
995 2300 1244 2357 Rabyionis,
1275 2315 1351 2360 per
1374 2315 1502 2359 quam
1527 2301 1616 2342 Deo

234 2372 398 2432 placuit
416 2375 566 2419 orbem
589 2372 806 2418 debellare
829 2381 1054 2426 terrarum,
1081 2380 1123 2414 ct
1150 2371 1191 2415 in
1217 2386 1346 2414 unam
1368 2369 1616 2414 societatem

236 2445 487 2505 reipubliese
525 2445 757 2505 legumque
791 2443 1048 2504 perductum
1082 2441 1209 2501 longe
1242 2441 1413 2502 lateque
1447 2456 1612 2501 pacare.

235 2514 373 2567 Erant
401 2518 514 2564 enim
542 2519 630 2577 jam
662 2515 811 2577 populi
842 2512 969 2560 validi
1003 2523 1045 2560 et
1077 2513 1223 2568 sortes,
1249 2521 1291 2559 et
1323 2512 1450 2558 armis
1471 2520 1617 2572 gentes
