1742 2860
236 131 316 171 458
662 149 695 174 s.
733 146 962 177 AUGUSTINI
996 151 1174 177 EPISCOPI

233 208 345 253 citur
380 208 637 268 habuisse¹3
679 211 952 270 Assyriorum
988 223 1133 258 autem
1178 212 1380 260 vicesimo
1417 224 1460 261 et
1494 231 1609 261 nono

232 279 377 334 Oneo,
415 288 458 322 et
486 278 711 325 Melantho
753 282 1083 327 Atheniensium
1116 283 1433 340 sextodecimo,
1463 285 1610 345 judice

232 358 378 394 autem
401 350 685 395 Hebraeorum
711 351 808 396 Heli
829 353 1075 410 sacerdote,
1102 371 1284 414 regnum
1309 355 1611 414 Sicyoniorum

230 429 540 480 consumptum
554 431 633 475 est,
651 422 771 482 quod
791 438 866 482 per
878 439 1013 469 annos
1027 426 1612 488 nongentos-quinquaginta

231 500 275 536 et
295 504 452 536 novem
474 490 660 535 traditur
686 490 816 537 fuisse
839 504 1101 554 porrectum.

741 754 958 806 CAPUT
993 756 1102 806 XX.

230 873 307 920 De
327 875 622 922 successione
640 875 821 922 ordinis
839 879 959 941 regii
979 876 1116 939 apud
1124 876 1383 925 I.5rczc⁵'litas
1401 888 1511 941 post
1531 876 1616 925 Ju-

715 947 873 995 dz‘eam
898 959 1130 1011 tempora.

290 1074 393 1119 Mox
416 1070 576 1118 eisdem
600 1088 677 1133 per
693 1071 787 1118 loca
809 1083 1046 1119 memorata
1073 1074 1371 1133 regnantibus,
1400 1072 1617 1120 Israelita-

231 1158 330 1188 rum
351 1158 550 1203 regnum,
570 1144 695 1189 finito
712 1153 908 1205 tempore
929 1146 953 1190 J
958 1144 1149 1200 udicum,
1166 1162 1188 1190 a
1207 1145 1333 1190 Saiile
1351 1159 1448 1203 rege
1465 1160 1618 1203 sump-

231 1212 286 1259 sit
306 1214 529 1258 exordium
551 1232 560 1258 :
582 1230 670 1275 quo
693 1223 887 1275 tempore
909 1215 993 1259 suit
1017 1214 1189 1260 Samuel
1206 1215 1434 1275 propheta.
1456 1214 1523 1259 Ab
1541 1213 1618 1258 illo

230 1282 366 1342 igitur
396 1292 592 1344 tempore
620 1285 665 1328 hi
695 1299 814 1342 reges
838 1284 1091 1329 Latinorum
1115 1299 1205 1330 esse
1228 1292 1481 1345 coeperunt,
1505 1297 1617 1344 quos

232 1354 600 1412 cognominabant
624 1353 774 1399 Silvios
812 1372 820 1400 z
855 1354 910 1399 ab
942 1371 993 1400 eo
1023 1355 1186 1416 quippe
1219 1356 1294 1416 qui
1324 1355 1437 1399 filius
1470 1356 1620 1399 AEueae

233 1424 399 1485 primus
432 1423 573 1470 dictus
601 1434 665 1469 est
696 1423 877 1481 Silvius,
904 1426 1068 1470 eaeteris
1096 1426 1338 1470 subsecutis
1370 1434 1413 1470 et
1446 1424 1619 1485 propria

234 1495 410 1540 nomina
433 1495 787 1556 imponebantur,
813 1505 856 1541 et
877 1497 960 1541 hoc
983 1512 1069 1540 non
1094 1495 1235 1541 defuit
1252 1505 1588 1556 cognomentum
1607 1514 1619 1553 ς

233 1566 343 1610 sieut
370 1564 499 1625 longe
521 1576 667 1626 postca
692 1568 881 1611 Caesares
902 1566 1195 1625 cognominati
1214 1576 1330 1620 sunt,
1356 1566 1429 1626 qui
1447 1580 1620 1610 succes-

232 1644 382 1681 serunt
399 1637 556 1681 Caesari
577 1640 789 1695 Augusto.
811 1636 1061 1696 Reprobato
1079 1646 1224 1681 autem
1246 1635 1389 1689 Saiile,
1411 1651 1466 1680 ne
1498 1636 1621 1696 quis-

234 1722 368 1768 quam
397 1722 447 1751 ex
485 1708 576 1768 ejus
608 1707 740 1767 stirpe
772 1716 1000 1766 regnaret,
1039 1723 1178 1768 eoque
1212 1706 1450 1762 defuncto,
1484 1705 1622 1751 David

234 1777 439 1822 suecessit
460 1777 504 1821 in
528 1792 712 1836 regnum
739 1786 837 1838 post
860 1793 995 1822 annos
1017 1793 1039 1822 a
1067 1777 1202 1823 Sutilis
1233 1777 1411 1838 imperio
1434 1775 1624 1838 quadra-

236 1849 389 1908 ginta2.
419 1851 540 1892 Tune
570 1847 854 1893 Athenienses
871 1848 1033 1893 habere
1055 1847 1212 1893 deinde
1234 1863 1353 1907 reges
1376 1857 1473 1908 post
1489 1847 1620 1892 Codri

235 1919 458 1964 interitum
498 1917 788 1973 destiterunt,
821 1928 865 1964 et
894 1919 1167 1977 magistratus
1198 1919 1360 1964 habere
1394 1926 1622 1977 coeperunt

237 1989 585 2035 adnnnistramlae
620 1989 886 2049 reipublieoe,
925 1994 1025 2036 Post
1065 1990 1226 2044 David,
1267 1990 1341 2050 qui
1370 1990 1501 2034 etiam
1534 1990 1623 2048 ipse

236 2060 522 2122 quadraginta
546 2059 741 2118 regnavit
764 2075 916 2113 annos,
936 2059 1050 2104 filius
1065 2061 1154 2120 ejus
1179 2059 1383 2105 Salomon
1397 2075 1469 2103 rex
1485 2060 1623 2103 lsrae-

237 2131 414 2176 litarum
440 2129 523 2174 suit
538 2165 548 2183 ,
574 2130 649 2190 qui
668 2128 881 2188 templum
905 2128 1013 2174 illud
1035 2128 1350 2174 nobilissimum
1369 2128 1444 2174 Dei
1456 2129 1624 2188 jeroso-

237 2201 499 2260 lymitanum
515 2198 726 2245 condidit.
747 2200 882 2260 Cujus
903 2207 1100 2259 tempore
1117 2199 1234 2259 apud
1253 2200 1427 2243 Latinos
1449 2198 1623 2244 condita

238 2282 302 2317 est
322 2270 450 2326 Alba,
476 2286 527 2314 ex
547 2285 633 2331 qua
652 2268 854 2329 deinceps
872 2285 959 2314 non
974 2271 1243 2324 Latinorum,
1264 2268 1337 2314 sed
1353 2268 1623 2314 Albanorum

240 2358 358 2403 reges
381 2340 614 2402 appellari,
639 2341 685 2385 in
707 2339 860 2385 eodem
883 2349 1028 2386 tamen
1052 2341 1199 2396 Latio,
1227 2348 1472 2401 coeperunt.
1500 2339 1623 2385 Salo-

241 2414 359 2460 moni
381 2412 584 2458 successit
607 2410 719 2456 filius
741 2412 831 2472 ejus
854 2411 1076 2468 Roboam,
1101 2411 1182 2456 sub
1204 2427 1292 2473 quo
1318 2412 1361 2456 in
1383 2411 1472 2457 duo
1492 2426 1623 2470 regna

291 2497 404 2541 ³Virg.
422 2497 528 2540 Eglog.
550 2493 582 2529 xi.
600 2512 640 2520 -·
666 2496 853 2539 ²1Reg.u.
