1742 2860
240 96 321 134 338
672 107 703 131 s.
748 102 976 130 At'etfsw'xi
1014 102 1193 128 EPlSCOPI

240 171 345 215 mihi
364 169 535 214 videtur
564 169 655 224 illa⁷
682 183 812 229 quam
846 168 980 211 secuti
1012 181 1187 222 sumus,
1213 168 1342 228 hujus
1375 168 1625 228 quaestionis

235 242 392 288 solutio
414 240 705 302 praeferenda,
746 240 847 300 quia
879 239 1149 283 centenarius
1169 238 1347 299 quidem
1370 248 1496 284 senex
1513 276 1525 296 ,
1550 239 1626 286 sed

235 314 440 374 temporis
476 313 631 368 nostri,
673 311 727 355 de
764 309 884 354 nulla
916 319 1057 370 potest
1086 310 1267 354 foemina
1301 311 1499 370 gignere,
1535 326 1625 356 non

234 395 365 440 tune⁷
401 382 578 445 quando
610 382 752 426 adhuc
796 381 949 425 tandiu
974 381 1202 437 vivebant,
1242 389 1292 425 ut
1324 388 1501 426 centum
1522 383 1624 427 anni

235 454 432 501 nondum
453 455 646 499 facerent
666 452 889 496 hominem
911 451 1142 511 decrepitae
1168 452 1413 496 senectutis.

235 599 1621 620 mmmxmwwmnmmmummmwmoemmmwxmmmwuumswummmw

707 732 925 785 CAPUT
963 735 1147 783 XXIX.

230 882 308 929 De
331 880 480 927 tribus
507 881 623 925 viris
647 877 727 924 vel
745 875 969 941 Angelis,
1006 878 1055 922 in
1089 875 1258 937 quibus
1291 875 1362 924 ad
1395 893 1621 937 quereum

288 950 531 998 Mamhroe
552 950 838 1012 apparuisse
859 949 908 996 A
914 946 1079 994 bralzoe
1101 947 1339 994 Dominus
1361 947 1618 995 indicatur.

288 1091 400 1133 ITEM
423 1090 538 1132 Deus
560 1084 760 1146 apparuit
781 1083 969 1128 Abrahae
997 1082 1053 1128 ad
1085 1098 1297 1144 quercum
1330 1084 1543 1129 Mambroe
1574 1084 1622 1130 in

228 1159 366 1203 tribus
385 1158 507 1214 viris,
534 1172 642 1218 quos
674 1153 968 1200 dubitandum
991 1169 1081 1198 non
1114 1163 1179 1198 est
1198 1153 1388 1213 Angelos
1417 1153 1549 1199 fuisse
1570 1158 1582 1180 ¹
1608 1175 1617 1200 ε

226 1230 420 1291 quamvis
442 1228 621 1289 quidam
645 1226 888 1270 existiment
917 1239 1056 1268 unum
1079 1223 1123 1268 in
1151 1224 1209 1268 eis
1232 1224 1362 1268 fuisse
1384 1225 1620 1270 Dominum

227 1301 448 1346 Christum
466 1335 476 1355 ,
500 1306 734 1343 asserentes
754 1310 855 1338 eum
874 1295 1003 1338 etiam
1022 1303 1121 1338 ante
1142 1293 1452 1339 indumentum
1480 1297 1619 1341 carnis

225 1370 356 1416 fuisse
378 1369 605 1415 visibilem.
631 1370 708 1411 Est
731 1358 908 1426 (juidem
943 1364 1100 1409 divinae
1122 1365 1346 1425 potestatis
1361 1401 1372 1421 a
1395 1375 1438 1409 et
1471 1366 1622 1412 invisi-

226 1441 322 1487 bilis
338 1478 348 1497 ‚
377 1437 658 1499 incorporalis
673 1473 683 1492 ‚
708 1434 1167 1496 ineommutabilisque
1203 1445 1393 1492 naturae,
1415 1437 1506 1480 sine
1530 1436 1621 1483 ulla

224 1514 289 1558 sui
307 1511 549 1557 mutatione
565 1509 695 1553 etiam
711 1508 968 1553 mortalibus
1004 1509 1248 1568 aspectibus
1280 1525 1509 1569 apparere,
1530 1525 1621 1555 non

224 1600 301 1645 per
334 1582 381 1627 id
412 1581 533 1643 quod
555 1589 633 1631 est,
662 1579 737 1624 sed
761 1595 839 1639 per
860 1578 1026 1639 aliquid
1044 1578 1163 1639 quod
1184 1579 1265 1622 sibi
1288 1578 1516 1624 subditum
1537 1590 1616 1625 est.

224 1654 341 1709 Quid
350 1663 494 1697 autem
503 1650 565 1695 illi
578 1650 802 1694 subditum
819 1666 907 1693 non
917 1651 1007 1693 est?
1022 1652 1335 1693 Verumtamen
1346 1649 1379 1694 si
1391 1659 1619 1710 propterea

225 1726 486 1771 confirmant
505 1723 665 1766 horum
688 1721 822 1763 trium
854 1719 1045 1780 aliquem
1075 1718 1205 1764 fuisse
1243 1721 1463 1765 Christum
1481 1756 1492 1776 ‚
1518 1722 1617 1782 quia

225 1812 325 1841 cum
354 1803 438 1839 tres
461 1791 657 1847 vidisset,
682 1791 737 1834 ad
760 1790 995 1834 Dominum
1019 1790 1293 1849 singulariter
1325 1800 1388 1835 est
1419 1790 1616 1851 locutus3

217 1868 283 1912 -sie
301 1865 417 1910 enim
435 1864 643 1922 scriptum
665 1871 729 1905 est
763 1881 771 1905 ;
803 1863 902 1904 «Et
930 1876 1028 1904 ecce
1051 1870 1135 1904 tres
1167 1860 1248 1905 viri
1280 1861 1454 1906 stabant
1489 1878 1619 1922 super

227 1958 247 1980 >›
273 1952 389 1991 eum⁷
407 1932 612 1979 etvidens
627 1932 898 1992 procucurrit
918 1931 1093 1975 obviam
1111 1930 1193 1975 illis
1216 1932 1271 1976 ab
1287 1933 1394 1977 ostio
1412 1933 1616 1977 taberna—

226 2027 246 2049 »
273 2006 359 2051 culi
380 2005 444 2049 sui
458 2040 468 2059 ,
495 2013 537 2047 et
559 2002 752 2047 adoravit
771 2012 1067 2061 superterram
1084 2038 1093 2057 ‚
1113 2012 1155 2046 et
1177 2002 1284 2047 dixit
1302 2022 1311 2048 t
1329 2004 1512 2048 Domine
1530 2040 1540 2059 ‚
1582 2005 1616 2049 si

225 2098 244 2119 >›
271 2076 417 2121 inveni
440 2074 619 2132 gratiam
649 2082 748 2116 ante
769 2074 829 2116 te2
847 2108 857 2126 7
884 2082 966 2117 etc.
996 2092 1015 2114 »
1045 2088 1122 2116 cur
1144 2089 1232 2117 non
1250 2073 1379 2117 etiam
1402 2073 1513 2117 illud.
1535 2073 1615 2118 ad—

221 2156 422 2201 vertunt⁷
459 2145 567 2188 duos
591 2161 640 2187 ex
673 2143 730 2187 eis
752 2143 917 2187 venisse
935 2179 944 2197 ‚
971 2152 1020 2187 ut
1061 2142 1294 2188 Sodomitse
1328 2143 1579 2188 delerentur
1600 2181 1611 2201 ,

222 2235 322 2263 cum
359 2205 501 2261 adhue
539 2214 758 2258 Abraham
787 2213 842 2256 ad
878 2230 1016 2257 unum
1051 2213 1328 2274 loqueretur,
1371 2215 1614 2259 Dominum

223 2288 444 2349 appellans
459 2323 468 2341 ‚
495 2295 537 2329 et
558 2284 828 2328 intercedens
852 2300 905 2328 ne
935 2284 1060 2328 simul
1080 2286 1248 2344 justum
1271 2301 1371 2329 cum
1408 2286 1543 2345 impio
1567 2286 1613 2330 in

226 2358 422 2406 Sodomis
459 2356 686 2417 perderet?
705 2354 806 2399 lllos
839 2364 983 2400 autem
1020 2355 1128 2400 duos
1145 2355 1204 2401 sie
1226 2357 1412 2416 suscepit
1430 2360 1511 2402 Lot
1528 2392 1538 2412 ,
1563 2366 1613 2401 ut

273 2470 471 2509 ¹Gen.xvi1=7
491 2476 566 2508 17‘2.
590 2483 631 2489 ——
658 2464 760 2496 τιῙΜιΙ.
782 2472 812 2498 ·)Λ.Υ
833 2463 861 2495 3.
