1742 2860
252 108 335 146 538
769 119 1103 148 tuncTATiousss.

615 251 870 293 Annorum
900 248 994 307 (25)
1023 262 1123 308 pag.
1160 251 1261 292 492.

311 379 458 437 Plato,
497 381 562 426 uti
590 381 786 427 Laertius
815 396 869 427 ex
899 381 1167 442 Apollodoro
1201 381 1374 438 scribit,
1409 390 1537 427 natus
1564 391 1629 428 est

251 449 510 511 Olympiade
543 459 612 496 88.
651 453 829 514 ejusque
861 469 976 498 anno
1008 453 1165 514 primo.
1202 456 1400 498 Mortuus
1424 462 1488 498 est
1513 468 1628 499 anno

248 523 390 583 primo
413 522 685 584 Olympiadis
710 533 807 570 108.
829 525 904 586 qui
926 535 990 570 est
1012 541 1150 570 annus
1167 534 1267 570 ante
1287 525 1509 571 Christum
1525 530 1625 571 348.

257 611 348 640 suae
364 596 452 656 ipse
473 596 610 641 aetatis
628 612 793 642 annum
811 612 942 656 agens
964 596 1507 657 octogesimum-primum.

615 750 869 793 ΑΝΝΟΤΑΤΙΟ
899 749 994 806 (26)
1022 762 1122 808 pag.
1159 753 1258 792 502.

310 878 484 939 Aquila,
509 879 642 925 homo
664 880 974 925 se1ni-Judaeus
992 891 1034 926 et
1057 879 1477 935 semi-Christianus,
1503 880 1633 924 inter-

252 950 541 1009 pretationem
582 968 703 996 suam
744 952 880 997 edidit
915 953 996 997 sub
1034 953 1280 1008 Hadriano,
1323 952 1434 997 circa
1468 967 1632 997 annum

252 1021 410 1066 Christi
436 1029 532 1067 130.
558 1033 655 1083 post
677 1042 763 1068 Lxx
794 1024 1053 1079 editionem,
1086 1024 1238 1084 clapsis
1268 1024 1389 1068 annis
1409 1022 1506 1084 plus
1529 1028 1628 1068 400.

254 1093 541 1149 Symmachus
561 1093 804 1154 proselytus
827 1111 948 1139 suam
977 1095 1058 1139 sub
1081 1094 1258 1139 Aurelio
1279 1093 1350 1139 vel
1371 1094 1451 1139 sub
1477 1096 1633 1140 Severo

252 1163 442 1224 scripsit,
477 1165 587 1209 circa
617 1182 780 1210 annum
815 1166 974 1211 Christi
1013 1174 1111 1211 200.
1155 1165 1451 1222 Theodotion,
1493 1165 1634 1226 primo

252 1235 508 1280 Marcionita
545 1246 587 1280 et
620 1246 766 1296 postea
802 1236 1006 1291 Judaeus,
1033 1253 1155 1281 suam
1187 1246 1286 1281 ante
1322 1236 1634 1295 Symmachum

252 1306 441 1351 confecit
458 1343 468 1363 ,
494 1323 581 1353 non
604 1308 733 1367 longe
752 1325 773 1353 a
793 1318 987 1369 tempore
1010 1308 1255 1364 Commodi,
1283 1308 1452 1353 circiter
1469 1322 1635 1352 annum

251 1378 410 1422 Christi
439 1386 533 1423 180.
561 1381 689 1423 Hunc
712 1389 808 1439 post
828 1380 1136 1439 Symmachum
1155 1381 1423 1438 Augustinus
1440 1378 1636 1438 Epipha-

252 1448 376 1491 nium
407 1448 599 1509 aliosque
624 1459 795 1494 secutus
829 1459 1056 1505 memorat,
1089 1450 1145 1494 ob
1170 1450 1214 1493 id
1242 1449 1421 1494 forsitan
1443 1447 1565 1510 quod
1587 1448 1633 1492 in

255 1519 459 1580 Hexaplis
489 1521 544 1564 ab
566 1521 754 1580 Origene
776 1522 913 1581 posita
938 1531 1045 1566 esset
1062 1524 1186 1582 juxta
1209 1520 1378 1581 Aquilae
1395 1519 1634 1564 editionem

253 1590 369 1650 prior
393 1591 667 1648 Symmachi,
701 1601 744 1635 et
765 1591 974 1651 posterior
1000 1589 1307 1635 Theodotionis
1330 1589 1476 1634 editio.
1503 1593 1636 1634 Porro

252 1670 413 1722 praeter
435 1662 635 1722 quintam
659 1662 893 1708 editionem
916 1662 1138 1707 inventam
1169 1662 1476 1717 Hierichunte,
1511 1661 1636 1722 cujus

255 1732 326 1776 hic
344 1732 543 1776 meminit
561 1733 843 1792 Augustinus,
860 1732 1105 1778 celebratur
1122 1742 1296 1777 etsexta
1313 1731 1445 1776 editio
1461 1731 1635 1776 inventa

247 1802 476 1863 Nicopoli,
502 1813 688 1864 utraque
703 1802 905 1864 Hexaplis
927 1803 1077 1848 iisdem
1102 1802 1387 1863 Origenianis,
1404 1812 1455 1847 ut
1472 1801 1633 1859 ferunt,

254 1874 411 1935 quinto
448 1883 491 1918 et
524 1884 642 1918 sexto
674 1873 771 1919 loco
804 1874 978 1918 inserta.
1016 1873 1101 1919 Sed
1132 1883 1248 1919 sexta
1282 1872 1355 1918 illa
1393 1873 1637 1933 Augustino

252 1945 398 2003 ignota
420 1943 550 1989 fuisse
571 1945 759 1989 videtur.

622 2094 876 2137 ΑΝΝοΤΑΤΙο
905 2092 999 2157 (27)
1030 2106 1129 2151 pag.
1166 2095 1266 2136 523.

314 2227 563 2271 Athanarici
594 2227 703 2286 regis
733 2227 977 2271 Gothorum
1011 2235 1135 2270 notat
1160 2218 1518 2285 spei-secutionem
1536 2260 1548 2280 ,
1583 2224 1638 2269 de

253 2314 339 2360 qua
358 2299 651 2357 Hieronymus
674 2298 715 2342 in
740 2298 957 2343 Chronico
974 2332 984 2352 ,
1011 2307 1053 2341 et
1072 2298 1247 2341 Orosius
1271 2296 1350 2341 lib.
1378 2312 1466 2353 vn,
1493 2313 1531 2341 c.
1565 2303 1634 2341 32.
