1742 2860
272 113 357 154 540
787 123 1121 153 ANNOTATloNEs.

268 190 385 236 favet
402 189 685 250 Evangelium
705 209 712 236 :
735 206 836 235 nam
854 194 960 236 Luc.
987 209 1036 235 111
1051 225 1062 245 ‚
1083 189 1297 250 baptisma
1310 190 1461 234 datum
1475 189 1646 236 Christo

268 277 291 306 a
305 265 327 306 J
333 278 472 306 oanne
493 271 535 306 et
550 261 769 306 exordium
781 261 1098 321 praedicationis
1114 262 1204 321 ejus
1223 261 1267 304 in
1289 259 1640 321 quintum-deci-

267 347 389 377 mum
401 332 558 376 Tiberii
568 348 730 377 annum
742 331 923 376 refertur
933 331 1120 392 etliquet
1131 340 1215 376 tres
1224 330 1388 376 abinde
1399 345 1532 376 annos
1543 329 1646 375 soli-

267 403 345 448 dos
358 404 576 448 Christum
587 413 819 465 antequam
831 412 1066 464 pateretur,
1082 402 1336 463 praedicasse
1350 417 1535 461 regnum
1550 400 1641 446 Dei.

269 473 353 520 Sed
376 474 533 519 Tiberii
548 490 682 519 annos
705 473 1045 536 haudquaquam
1061 478 1647 532 morcromanocomputatos

266 544 321 588 ab
345 545 534 589 Eusebio
557 553 600 588 et
619 545 864 605 Epiphanio
883 543 1011 589 fuisse
1027 581 1036 599 ‚
1063 544 1289 590 contendit
1314 543 1548 602 Dionysius
1573 545 1649 587 Pe·

264 617 403 661 tavius
426 615 480 660 de
502 616 704 660 Doctrina
729 619 879 676 Temp.
909 615 986 660 lib.
1016 634 1105 672 XII,
1126 632 1163 661 c.
1193 623 1259 660 12.
1285 614 1485 660 Etenim
1505 629 1538 658 α
1559 627 1648 673 po-

261 686 447 747 pulari,
471 687 641 748 inquit,
666 687 911 732 civitatum
933 702 1129 731 suarum
1158 682 1357 732 exordio
1378 685 1557 730 Patres
1578 681 1652 728 illc·

265 774 420 803 (mnes
461 756 781 814 inchoabant,
817 758 1042 803 m'mirum
1083 755 1146 802 ab
1188 767 1418 802 autumno
1451 764 1645 801 antece-

265 828 405 874 dente
430 839 646 874 (estatem
671 828 822 886 illam,
851 846 948 889 qua
975 831 1224 892 Augustus
1254 828 1483 883 excessit,
1514 825 1648 871 adeo-

263 916 351 962 que
367 917 548 946 annum
560 900 1225 946 Tiberiz·clecz‘mmn-octccvum
1232 909 1406 961 putare
1419 897 1650 958 incipiant

264 969 329 1016 ab
374 981 604 1017 autumno
636 972 757 1016 anni
794 970 986 1016 chlz'cmi
1009 977 1079 1016 75.
1124 974 1220 1031 Ipse
1261 970 1410 1031 itaque
1448 967 1648 1013 Petavius

263 1042 309 1086 in
339 1043 589 1088 Rationario
625 1046 775 1103 Temp.
818 1047 943 1087 Parte
976 1062 1005 1087 1.
1045 1041 1121 1086 lib.
1157 1057 1206 1098 v,
1244 1041 1394 1086 scribit
1410 1047 1648 1085 ,mortuum

263 1114 499 1169 Christum,
519 1114 690 1159 Tiberio
707 1115 913 1175 quintum
925 1124 968 1158 et
983 1115 1135 1175 Sejano
1149 1129 1256 1158 coss.
1275 1110 1649 1169 Martiivigesima-

264 1186 405 1229 tertia.
421 1189 478 1230 At
490 1187 713 1241 Baronius‚
731 1186 978 1230 Ludovicus
994 1185 1121 1229 Vives
1133 1220 1143 1239 ,
1166 1182 1415 1228 Leonardus
1432 1184 1648 1243 Coquaeus

263 1265 346 1301 etc.
374 1273 481 1301 coss.
509 1259 590 1302 Cn.
617 1257 806 1302 Domitio
821 1255 1074 1301 AEnobardo
1093 1265 1135 1300 et
1148 1254 1330 1301 Camillo
1347 1253 1643 1299 Scriboniano.

263 1328 359 1372 Alia
380 1327 568 1388 denique
591 1338 654 1372 est
675 1345 763 1372 non
785 1329 928 1372 minus
951 1328 1135 1387 probata
1157 1326 1257 1371 viris
1275 1325 1453 1370 eruditis
1471 1324 1618 1384 opinio
1633 1357 1644 1378 ,

263 1398 505 1459 passionem
536 1399 693 1444 Christi
721 1399 776 1443 ad
798 1415 961 1443 annum
990 1397 1177 1442 referens
1213 1397 1372 1442 Tiberii
1406 1395 1648 1440 decimum-

265 1485 455 1525 nonum,
483 1479 728 1515 currentem
748 1486 847 1514 cuni
870 1474 891 1514 J
901 1471 1044 1514 uliano
1065 1477 1134 1513 78.
1156 1484 1344 1528 cumque
1366 1483 1417 1512 eo
1435 1467 1505 1512 cui
1521 1466 1650 1510 Phle-

266 1557 351 1600 gon
373 1540 490 1600 apud
526 1541 762 1585 Eusebium
793 1539 1084 1584 defectionem
1116 1538 1214 1583 solis
1248 1537 1456 1596 assignat,
1493 1536 1649 1594 Olym-

263 1612 400 1672 piadis
428 1619 511 1656 202
535 1628 649 1657 anno
685 1616 708 1656 4
733 1628 839 1656 coss.
875 1614 1030 1657 Severo
1062 1609 1244 1670 Sulpitio
1275 1609 1412 1654 Galba
1438 1617 1483 1654 et
1513 1606 1648 1654 Lucio

265 1684 467 1730 Cornelio
493 1683 632 1739 Sulla,
660 1692 703 1730 et
725 1683 780 1728 ad
801 1683 917 1728 diem
939 1682 1098 1744 Aprilis
1121 1681 1312 1728 tertium.
