1742 2860
290 144 370 182 518
716 158 749 184 s.
784 157 1013 186 Ancusnm
1047 159 1225 186 Emscom

289 238 309 262 >›
345 222 718 281 supervenientem
736 223 780 265 in
799 238 875 267 vos
888 259 898 278 ,
920 233 962 267 et
978 223 1092 268 eritis
1108 224 1214 268 mihi
1229 233 1355 268 testes
1368 225 1413 268 in
1427 226 1664 271 Jerusalem

288 312 308 333 »
342 300 384 335 et
405 291 449 334 in
463 300 552 336 tota
565 291 715 336 Judaea
732 302 773 335 et
794 293 979 337 Samaria
996 329 1006 348 ‚
1032 303 1073 337 et
1096 310 1232 354 usque
1249 294 1293 337 in
1312 296 1416 338 fines
1439 299 1604 340 terrae¹.
1635 315 1656 339 »

284 362 477 406 Primum
506 378 550 406 se
583 363 638 407 ab
673 362 912 407 Jerusalem
943 364 1121 409 diffudit
1152 364 1370 421 Ecclesia,
1416 375 1459 410 et
1490 382 1591 411 cum
1618 367 1665 412 in

286 432 439 477 Judaea
467 443 598 493 atque
637 434 824 478 Samaria
856 434 1030 494 plurimi
1064 435 1375 491 credidissent,
1412 446 1455 480 et
1485 437 1530 481 in
1563 436 1664 482 alias

287 513 435 561 gentes
466 503 574 547 itum
606 513 694 559 est,
731 504 790 548 eis
821 506 1182 550 annuntiantibus
1212 505 1518 564 Evangelium‚
1555 523 1664 568 quos
1713 524 1717 528 ’

285 574 399 633 ipse,
425 575 536 618 sieut
556 573 811 630 luminaria,
847 585 890 619 et
919 586 1140 635 aptaverat
1170 577 1328 631 verbo,
1365 586 1408 620 et
1442 577 1666 622 accederat

287 645 448 705 Spiritu
461 655 624 690 sancto.
652 646 824 691 Dixerat
847 648 960 691 enim
982 649 1039 692 eis
1058 668 1066 693 z
1097 668 1116 691 «
1140 648 1282 693 Nolite
1304 648 1455 692 timere
1473 664 1560 703 eos,
1588 649 1665 709 qui

287 733 308 756 »
329 731 485 776 corpus
499 717 719 773 occidunt,
737 718 925 762 animam
939 728 1084 763 autem
1096 735 1183 763 non
1198 728 1379 778 possunt
1392 719 1625 763 oecidere2.
1641 737 1660 760 υ

284 787 369 839 Qui
390 796 440 830 ut
462 785 605 845 frigidi
630 787 779 832 timore
802 804 890 832 non
913 799 1074 845 essent⁷
1094 790 1192 847 igne
1206 789 1422 833 charitatis
1436 787 1661 833 ardebant.

282 857 479 918 Denique
501 873 579 918 per
599 858 733 918 ipsos,
759 875 846 904 non
868 859 1008 904 solum
1028 861 1103 921 qui
1125 876 1223 904 eum
1242 869 1285 904 et
1304 869 1403 903 ante
1423 859 1665 919 passionem

283 936 327 971 et
342 937 440 986 post
453 928 811 973 resurrectionem
824 929 1024 975 viderant
1038 939 1080 974 et
1098 930 1324 974 audierant
1340 965 1350 985 ,
1381 928 1665 973 verumetiam

284 1007 382 1058 post
402 999 573 1043 obitum
595 1015 745 1044 eorum
763 1016 839 1060 per
859 1010 1052 1060 posteros
1075 1016 1225 1045 eorum
1243 1036 1252 1055 ‚
1290 1001 1402 1043 inter
1427 999 1664 1044 horrendas

282 1070 602 1128 persecutiones
621 1079 663 1114 et
675 1071 813 1115 varios
826 1072 1041 1115 cruciatus
1060 1089 1107 1115 ae
1125 1070 1277 1115 funera
1292 1074 1535 1128 Martyrum
1553 1086 1666 1129 prte-

284 1139 476 1184 dicatum
494 1150 557 1185 est
570 1151 661 1185 toto
682 1142 786 1185 orbe
804 1142 1107 1201 Evangelium,
1132 1151 1401 1186 contestante
1415 1145 1504 1185 Deo
1516 1141 1661 1199 signis,

283 1220 327 1255 et
357 1212 557 1266 ostentis,
584 1221 626 1255 et
647 1212 772 1256 variis
794 1213 1027 1256 virtutibus
1044 1249 1054 1267 ‚
1080 1222 1122 1255 et
1151 1213 1333 1271 Spiritus
1352 1212 1488 1256 sancti
1511 1227 1666 1256 mune-

284 1282 403 1326 ribus
431 1302 439 1326 :
475 1291 522 1325 ut
558 1282 707 1342 populi
743 1284 936 1340 gentium
969 1283 1192 1327 credentes
1223 1284 1267 1326 in
1299 1297 1401 1325 eum
1425 1318 1435 1337 7
1480 1282 1556 1342 qui
1586 1298 1665 1341 pro

283 1367 435 1397 eorum
457 1351 754 1411 redemptione
776 1353 1004 1397 crucifixus
1037 1362 1124 1408 est,
1161 1353 1394 1396 christiano
1423 1367 1567 1395 amore
1588 1368 1665 1396 ve-

283 1431 538 1467 nerarentur
569 1423 822 1479 sanguinem
844 1426 1087 1480 Martyrum
1103 1459 1113 1478 ‚
1134 1438 1264 1483 quem
1288 1422 1502 1466 diabolico
1521 1422 1665 1466 f'urore

283 1493 495 1538 fuderunt
514 1513 525 1550 3
568 1492 736 1552 ipsique
781 1508 898 1550 reges
915 1529 925 1548 a
968 1509 1157 1553 quorum
1193 1492 1359 1549 legibus
1415 1493 1665 1537 vastabatur

284 1563 497 1618 Ecclesia,
515 1563 553 1607 ci
566 1564 731 1607 nomini
753 1563 982 1607 salubriter
995 1563 1310 1619 subderentur⁷
1334 1563 1454 1623 quod
1477 1563 1532 1607 de
1552 1573 1664 1607 terra

284 1633 518 1680 crudeliter
540 1632 709 1677 auferre
738 1633 881 1678 conati
903 1643 1031 1691 sunt3
1067 1643 1110 1677 et
1132 1633 1262 1678 falsos
1291 1632 1393 1677 deos
1423 1633 1664 1693 inciperent

282 1704 509 1767 persequi,
544 1720 733 1766 quorum
754 1721 880 1750 causa
901 1705 1088 1750 cultores
1109 1705 1186 1749 Dei
1217 1704 1307 1749 veri
1336 1703 1511 1749 fuerant
1538 1714 1663 1749 antea

283 1784 513 1836 persecutl.

335 1908 343 1925 ¹
361 1903 432 1935 Act.
453 1913 482 1943 1,
503 1912 536 1944 7,
552 1900 583 1933 8.
606 1918 647 1923 —
674 1907 687 1923 2
702 1900 816 1934 matth.
832 1912 863 1943 x,
882 1901 936 1933 28.
