1742 2860
263 76 348 116 430
717 90 749 115 S.
787 88 1015 116 uersum
1051 88 1229 114 EPISCOPI

262 169 400 215 usque
422 152 476 198 ad
495 153 624 214 ipsius
642 153 687 196 in
705 169 832 197 earne
857 153 1086 197 Salvatoris
1109 151 1344 197 adventum
1359 188 1369 208 ,
1398 169 1485 213 quo
1506 169 1643 215 usque

262 225 686 286 decimus-septimus
703 225 814 269 liber
833 224 1040 279 tenditur,
1061 224 1149 269 sola
1166 223 1339 269 videtur
1353 225 1396 268 in
1412 241 1509 270 meo
1531 225 1644 284 stylo

262 297 502 342 cucurrisse
526 297 600 341 Dei
633 295 793 341 Civitas
816 314 825 340 ε
851 311 951 340 cum
980 296 1026 339 in
1048 297 1130 339 hoc
1159 295 1318 340 saeculo
1342 311 1430 340 non
1452 295 1540 340 sola
1565 313 1644 341 eu-

263 367 467 422 currerit,
493 366 569 411 sed
600 367 740 411 ambre
768 367 920 427 utique
953 367 1000 410 in
1032 382 1190 426 genere
1217 367 1434 422 humano,
1459 367 1571 412 sieut
1591 367 1645 411 ab

264 440 387 484 initio
417 437 567 493 simul,
603 454 681 482 suo
713 454 926 498 procursu
959 448 1154 498 tempora
1176 439 1451 482 variaverint.
1484 441 1647 484 Verum

264 512 347 556 hoc
370 510 467 555 ideo
489 510 588 564 feci,
613 519 663 554 ut
679 510 796 569 prius
815 526 864 554 ex
883 526 971 571 quo
993 511 1224 570 apertiores
1247 510 1323 554 Dei
1346 510 1649 570 promissiones

265 598 355 628 esse
382 590 634 641 coeperunt,
660 597 799 642 usque
822 581 877 625 ad
900 582 990 642 ejus
1015 597 1066 624 ex
1090 581 1267 640 Virgine
1286 581 1579 634 nativitatem,v
1604 581 1649 625 in

265 668 353 714 quo
378 651 572 706 fuerant,
604 668 703 712 quae
724 652 863 711 primo
891 651 1257 712 promittebantur
1287 650 1508 711 implenda
1524 687 1534 706 ,
1559 651 1650 696 sine

265 721 600 783 interpolatione
623 739 645 767 a
668 723 884 767 contrario
908 722 1081 767 alterius
1105 722 1320 777 Civitatis,
1351 722 1429 766 ista
1453 737 1551 782 quae
1573 723 1650 767 Dei

266 804 330 839 est
356 810 630 855 procurrens,
656 794 899 839 distinctius
924 804 1170 854 appareret3
1207 794 1403 854 quamvis
1426 810 1563 854 usque
1596 791 1651 838 ad

267 864 574 909 revelationem
610 865 867 911 Testamenti
894 864 1029 920 Novi,
1068 879 1156 908 non
1190 865 1235 907 in
1268 863 1459 919 lumine,
1493 864 1568 908 sed
1605 863 1651 907 in

268 937 423 981 umbra
442 937 697 981 cucurrerit.
722 940 849 981 Nunc
872 952 996 995 ergo,
1027 935 1147 996 quod
1166 935 1476 979 intermiseram
1491 971 1501 990 ,
1525 935 1651 979 video

268 1024 358 1052 esse
397 1006 646 1052 faciendum
669 1044 678 1063 ,
722 1017 772 1051 ut
811 1024 860 1051 ex
898 1008 1085 1051 Abrahae
1125 1007 1393 1066 temporibus
1431 1005 1652 1067 quomodo

269 1080 399 1123 etiam
420 1072 492 1124 illa
516 1079 780 1134 cucurrerit,
814 1088 1027 1140 quantum
1054 1079 1152 1122 satis
1183 1078 1376 1132 videtur,
1415 1079 1649 1137 attingam,

270 1161 319 1195 ut
350 1151 490 1194 ambae
510 1151 624 1196 inter
647 1167 690 1196 se
713 1151 880 1212 possint
905 1149 1249 1195 consideratione
1271 1148 1506 1208 legentium
1536 1165 1654 1194 com-

269 1238 424 1282 parari.

274 1377 413 1393 wvsuwu
419 1376 767 1393 §mmmmm
773 1377 1049 1393 ἉΜΜΜΜΜΜΜ
1055 1377 1191 1392 mrum
1197 1377 1261 1392 uzu
1267 1377 1333 1392 uzu
1339 1368 1473 1392 nsum
1480 1368 1614 1392 wuw'u
1621 1377 1655 1392 w

811 1518 1027 1568 CAPUT
1067 1521 1135 1568 11.

273 1665 352 1711 De
378 1676 577 1711 terrena?
611 1664 828 1710 Civitatis
846 1662 1035 1726 regibus
1059 1674 1202 1723 (aque
1226 1663 1537 1725 tempor-llum,
1558 1666 1659 1725 qui-

335 1735 418 1781 hus
452 1733 515 1779 ab
550 1743 721 1779 exorta
748 1732 966 1780 Abralzce
1005 1745 1278 1780 sanctorum
1306 1745 1522 1796 [enepota
1551 1751 1661 1796 sup-

328 1814 505 1868 putata
527 1803 822 1850 conveniant.

337 1945 371 1988 1.
411 1944 609 1987 sommis
629 1939 761 1999 igitur
784 1955 1098 2000 usquequaque
1130 1939 1377 1984 mortalium
1403 1940 1560 1985 diffusa
1585 1957 1662 2002 per

275 2022 408 2057 terras
442 2020 485 2056 et
517 2012 562 2055 in
595 2011 792 2055 locorum
826 2009 1107 2070 quantislibet
1146 2009 1496 2066 ‹livcrsitatibuQ
1534 2012 1662 2057 unius

276 2088 421 2129 tamen
446 2082 726 2143 ejusdemque
748 2091 916 2126 naturae
938 2080 1124 2142 quadam
1149 2082 1456 2126 communione
1479 2082 1662 2128 devinc-

278 2164 342 2210 ta,
378 2152 584 2198 utilitates
612 2162 654 2196 et
682 2150 938 2211 cupiditates
967 2168 1062 2194 suas
1096 2151 1344 2212 quibusque
1368 2151 1659 2208 sectantibus,

278 2225 386 2269 dum
417 2223 463 2268 id
493 2223 614 2285 quod
646 2222 889 2283 appetitur,
925 2231 998 2265 aut
1023 2222 1210 2277 nemini,
1248 2232 1433 2267 autnon
1457 2224 1663 2268 omnibus

279 2297 467 2351 suflicit,
494 2295 594 2357 quia
624 2310 712 2338 non
747 2303 809 2337 est
831 2293 1040 2353 idipsum,
1078 2293 1305 2337 adversum
1338 2309 1381 2338 se
1410 2294 1545 2354 ipsam
1567 2294 1662 2356 ple-
1695 2350 1702 2362 ι

279 2382 464 2427 rumque
498 2364 731 2419 dividitur,
767 2374 809 2408 et
843 2379 940 2423 pars
962 2372 1152 2424 partem,
1189 2380 1287 2425 quae
1316 2363 1544 2424 praevalet,
1581 2381 1662 2425 op·-

277 2437 440 2497 primit.
468 2433 644 2481 Victrici
666 2434 782 2480 enim
803 2433 914 2480 victa
946 2434 1214 2488 succumbit,
1244 2432 1529 2480 dominationi
1551 2435 1663 2481 seili-
