<?xml version="1.0" encoding="UTF-8"?>
<!DOCTYPE html PUBLIC "-//W3C//DTD XHTML 1.0 Transitional//EN"
    "http://www.w3.org/TR/xhtml1/DTD/xhtml1-transitional.dtd">
<html xmlns="http://www.w3.org/1999/xhtml" xml:lang="en" lang="en">
 <head>
  <title>
</title>
<meta http-equiv="Content-Type" content="text/html;charset=utf-8" />
  <meta name='ocr-system' content='tesseract 3.04.00' />
  <meta name='ocr-capabilities' content='ocr_page ocr_carea ocr_par ocr_line ocrx_word'/>
</head>
<body>
  <div class='ocr_page' id='page_1' title='image "./operaomniaaccura03auguuoft_0183.png"; bbox 0 0 1742 2860; ppageno 0'>
   <div class='ocr_carea' id='block_1_1' title="bbox 405 193 1440 238">
    <p class='ocr_par' dir='ltr' id='par_1_1' title="bbox 405 193 1440 238">
     <span class='ocr_line' id='line_1_1' title="bbox 405 193 1440 238; baseline -0.004 -9"><span class='ocrx_word' id='word_1_1' title='bbox 405 201 459 229; x_wconf 75' lang='lat' dir='ltr'>DE</span> <span class='ocrx_word' id='word_1_2' title='bbox 489 196 686 228; x_wconf 71' lang='lat' dir='ltr'>cwrrA’rE</span> <span class='ocrx_word' id='word_1_3' title='bbox 717 200 819 238; x_wconf 79' lang='lat' dir='ltr'><strong>DEI,</strong></span> <span class='ocrx_word' id='word_1_4' title='bbox 854 199 978 227; x_wconf 82' lang='lat' dir='ltr'>LIBER</span> <span class='ocrx_word' id='word_1_5' title='bbox 1011 200 1105 227; x_wconf 79' lang='lat' dir='ltr'>XIV.</span> <span class='ocrx_word' id='word_1_6' title='bbox 1359 193 1440 234; x_wconf 81' lang='grc'>173</span> 
     </span>
    </p>
   </div>
   <div class='ocr_carea' id='block_1_2' title="bbox 50 264 1454 2474">
    <p class='ocr_par' dir='ltr' id='par_1_2' title="bbox 50 264 1454 2474">
     <span class='ocr_line' id='line_1_2' title="bbox 50 264 1444 329; baseline -0.001 -13"><span class='ocrx_word' id='word_1_7' title='bbox 50 285 147 316; x_wconf 89' lang='lat' dir='ltr'>mus</span> <span class='ocrx_word' id='word_1_8' title='bbox 165 283 252 325; x_wconf 70' lang='lat' dir='ltr'>eoe,</span> <span class='ocrx_word' id='word_1_9' title='bbox 271 282 461 329; x_wconf 87' lang='lat' dir='ltr'>quorum</span> <span class='ocrx_word' id='word_1_10' title='bbox 483 266 729 312; x_wconf 82' lang='lat' dir='ltr'>auctoritati</span> <span class='ocrx_word' id='word_1_11' title='bbox 746 265 954 311; x_wconf 83' lang='lat' dir='ltr'>resultare</span> <span class='ocrx_word' id='word_1_12' title='bbox 967 264 1031 310; x_wconf 85' lang='lat' dir='ltr'>fas</span> <span class='ocrx_word' id='word_1_13' title='bbox 1052 280 1142 310; x_wconf 90' lang='lat' dir='ltr'>non</span> <span class='ocrx_word' id='word_1_14' title='bbox 1165 275 1244 322; x_wconf 83' lang='lat' dir='ltr'>est,</span> <span class='ocrx_word' id='word_1_15' title='bbox 1258 267 1319 313; x_wconf 90' lang='lat' dir='ltr'>ibi</span> <span class='ocrx_word' id='word_1_16' title='bbox 1342 279 1444 315; x_wconf 88' lang='lat' dir='ltr'>sunt</span> 
     </span>
     <span class='ocr_line' id='line_1_3' title="bbox 50 335 1446 399; baseline 0 -14"><span class='ocrx_word' id='word_1_17' title='bbox 50 338 370 399; x_wconf 86' lang='lat' dir='ltr'>intelligendae,</span> <span class='ocrx_word' id='word_1_18' title='bbox 396 338 473 382; x_wconf 84' lang='lat' dir='ltr'>ubi</span> <span class='ocrx_word' id='word_1_19' title='bbox 506 346 650 382; x_wconf 89' lang='lat' dir='ltr'>rectus</span> <span class='ocrx_word' id='word_1_20' title='bbox 676 352 823 381; x_wconf 89' lang='lat' dir='ltr'>sensus</span> <span class='ocrx_word' id='word_1_21' title='bbox 842 335 974 380; x_wconf 86' lang='lat' dir='ltr'>alium</span> <span class='ocrx_word' id='word_1_22' title='bbox 1000 336 1163 381; x_wconf 82' lang='lat' dir='ltr'>exitum</span> <span class='ocrx_word' id='word_1_23' title='bbox 1192 352 1282 382; x_wconf 89' lang='lat' dir='ltr'>non</span> <span class='ocrx_word' id='word_1_24' title='bbox 1301 348 1446 398; x_wconf 89' lang='lat' dir='ltr'>potest</span> 
     </span>
     <span class='ocr_line' id='line_1_4' title="bbox 50 406 1447 469; baseline 0 -13"><span class='ocrx_word' id='word_1_25' title='bbox 50 411 246 457; x_wconf 86' lang='lat' dir='ltr'>invenire</span> <span class='ocrx_word' id='word_1_26' title='bbox 279 429 288 456; x_wconf 92' lang='lat'><strong>:</strong></span> <span class='ocrx_word' id='word_1_27' title='bbox 322 410 433 454; x_wconf 88' lang='lat' dir='ltr'>sicut</span> <span class='ocrx_word' id='word_1_28' title='bbox 459 410 538 453; x_wconf 89' lang='lat' dir='ltr'>ista</span> <span class='ocrx_word' id='word_1_29' title='bbox 567 417 670 452; x_wconf 88' lang='lat' dir='ltr'>sunt</span> <span class='ocrx_word' id='word_1_30' title='bbox 697 423 796 469; x_wconf 80' lang='lat' dir='ltr'>quae</span> <span class='ocrx_word' id='word_1_31' title='bbox 825 406 1010 468; x_wconf 83' lang='lat' dir='ltr'>exempli</span> <span class='ocrx_word' id='word_1_32' title='bbox 1041 407 1177 467; x_wconf 86' lang='lat' dir='ltr'>gratia</span> <span class='ocrx_word' id='word_1_33' title='bbox 1204 410 1363 469; x_wconf 88' lang='lat' dir='ltr'>partim</span> <span class='ocrx_word' id='word_1_34' title='bbox 1395 427 1447 456; x_wconf 86' lang='lat' dir='ltr'>ex</span> 
     </span>
     <span class='ocr_line' id='line_1_5' title="bbox 52 479 1446 544; baseline -0.001 -14"><span class='ocrx_word' id='word_1_35' title='bbox 52 484 295 544; x_wconf 77' lang='lat' dir='ltr'>Propheta,</span> <span class='ocrx_word' id='word_1_36' title='bbox 320 482 479 543; x_wconf 88' lang='lat' dir='ltr'>partim</span> <span class='ocrx_word' id='word_1_37' title='bbox 505 496 557 524; x_wconf 83' lang='lat' dir='ltr'>ex</span> <span class='ocrx_word' id='word_1_38' title='bbox 577 479 816 539; x_wconf 82' lang='lat' dir='ltr'>Evangelio</span> <span class='ocrx_word' id='word_1_39' title='bbox 846 480 1298 526; x_wconf 84' lang='lat' dir='ltr'>commemoravimus.</span> <span class='ocrx_word' id='word_1_40' title='bbox 1340 483 1446 536; x_wconf 87' lang='lat' dir='ltr'>Quis</span> 
     </span>
     <span class='ocr_line' id='line_1_6' title="bbox 53 548 1447 613; baseline 0 -15"><span class='ocrx_word' id='word_1_41' title='bbox 53 554 169 599; x_wconf 91' lang='lat' dir='ltr'>enim</span> <span class='ocrx_word' id='word_1_42' title='bbox 184 553 321 597; x_wconf 88' lang='lat' dir='ltr'>nescit</span> <span class='ocrx_word' id='word_1_43' title='bbox 333 552 487 613; x_wconf 89' lang='lat' dir='ltr'>impios</span> <span class='ocrx_word' id='word_1_44' title='bbox 497 549 689 596; x_wconf 73' lang='lat' dir='ltr'>exultare</span> <span class='ocrx_word' id='word_1_45' title='bbox 700 548 848 595; x_wconf 84' lang='lat' dir='ltr'>laetitia</span> <span class='ocrx_word' id='word_1_46' title='bbox 861 552 877 594; x_wconf 76' lang='grc' dir='ltr'>Ρ</span> <span class='ocrx_word' id='word_1_47' title='bbox 890 553 946 594; x_wconf 92' lang='lat' dir='ltr'>Et</span> <span class='ocrx_word' id='word_1_48' title='bbox 956 559 1118 606; x_wconf 76' lang='lat' dir='ltr'>tamen,</span> <span class='ocrx_word' id='word_1_49' title='bbox 1128 552 1250 596; x_wconf 90' lang='lat' dir='ltr'>«Non</span> <span class='ocrx_word' id='word_1_50' title='bbox 1263 561 1326 597; x_wconf 87' lang='lat' dir='ltr'>est</span> <span class='ocrx_word' id='word_1_51' title='bbox 1338 568 1447 613; x_wconf 90' lang='lat' dir='ltr'>gau-</span> 
     </span>
     <span class='ocr_line' id='line_1_7' title="bbox 55 620 1447 684; baseline 0.003 -17"><span class='ocrx_word' id='word_1_52' title='bbox 55 644 76 667; x_wconf 76' lang='grc'>»</span> <span class='ocrx_word' id='word_1_53' title='bbox 103 625 205 669; x_wconf 89' lang='lat' dir='ltr'>dere</span> <span class='ocrx_word' id='word_1_54' title='bbox 222 624 386 684; x_wconf 76' lang='lat' dir='ltr'>impiis,</span> <span class='ocrx_word' id='word_1_55' title='bbox 412 623 520 668; x_wconf 88' lang='lat' dir='ltr'>dicit</span> <span class='ocrx_word' id='word_1_56' title='bbox 541 622 768 667; x_wconf 85' lang='lat' dir='ltr'>Dominus.</span> <span class='ocrx_word' id='word_1_57' title='bbox 793 640 813 663; x_wconf 85' lang='lat'>»</span> <span class='ocrx_word' id='word_1_58' title='bbox 841 620 989 677; x_wconf 82' lang='lat' dir='ltr'>Unde,</span> <span class='ocrx_word' id='word_1_59' title='bbox 1020 620 1100 666; x_wconf 87' lang='lat' dir='ltr'>nisi</span> <span class='ocrx_word' id='word_1_60' title='bbox 1129 622 1231 683; x_wconf 87' lang='lat' dir='ltr'>quia</span> <span class='ocrx_word' id='word_1_61' title='bbox 1256 623 1447 683; x_wconf 85' lang='lat' dir='ltr'>gaudere</span> 
     </span>
     <span class='ocr_line' id='line_1_8' title="bbox 53 694 1448 757; baseline 0.001 -16"><span class='ocrx_word' id='word_1_62' title='bbox 53 696 174 742; x_wconf 89' lang='lat' dir='ltr'>aliud</span> <span class='ocrx_word' id='word_1_63' title='bbox 193 705 271 751; x_wconf 70' lang='lat' dir='ltr'>est,</span> <span class='ocrx_word' id='word_1_64' title='bbox 286 694 464 757; x_wconf 86' lang='lat' dir='ltr'>quando</span> <span class='ocrx_word' id='word_1_65' title='bbox 477 695 650 755; x_wconf 85' lang='lat' dir='ltr'>proprie</span> <span class='ocrx_word' id='word_1_66' title='bbox 664 695 918 754; x_wconf 81' lang='lat' dir='ltr'>signateque</span> <span class='ocrx_word' id='word_1_67' title='bbox 934 694 1018 738; x_wconf 86' lang='lat' dir='ltr'>hoc</span> <span class='ocrx_word' id='word_1_68' title='bbox 1031 694 1219 738; x_wconf 83' lang='lat' dir='ltr'>verbum</span> <span class='ocrx_word' id='word_1_69' title='bbox 1239 697 1448 756; x_wconf 76' lang='lat' dir='ltr'>ponitur?</span> 
     </span>
     <span class='ocr_line' id='line_1_9' title="bbox 56 764 1448 830; baseline 0.001 -17"><span class='ocrx_word' id='word_1_70' title='bbox 56 772 165 813; x_wconf 82' lang='lat' dir='ltr'>Item</span> <span class='ocrx_word' id='word_1_71' title='bbox 181 768 276 828; x_wconf 91' lang='lat' dir='ltr'>quis</span> <span class='ocrx_word' id='word_1_72' title='bbox 290 766 514 826; x_wconf 78' lang='lat' dir='ltr'>negaverit</span> <span class='ocrx_word' id='word_1_73' title='bbox 527 781 617 810; x_wconf 89' lang='lat' dir='ltr'>non</span> <span class='ocrx_word' id='word_1_74' title='bbox 631 774 746 812; x_wconf 87' lang='lat' dir='ltr'>recte</span> <span class='ocrx_word' id='word_1_75' title='bbox 764 764 940 826; x_wconf 80' lang='lat' dir='ltr'>praecipi</span> <span class='ocrx_word' id='word_1_76' title='bbox 962 765 1214 811; x_wconf 89' lang='lat' dir='ltr'>hominibus</span> <span class='ocrx_word' id='word_1_77' title='bbox 1226 802 1236 822; x_wconf 75' lang='lat'>‚</span> <span class='ocrx_word' id='word_1_78' title='bbox 1257 777 1307 812; x_wconf 88' lang='lat' dir='ltr'>ut</span> <span class='ocrx_word' id='word_1_79' title='bbox 1324 786 1448 830; x_wconf 84' lang='lat' dir='ltr'>quae-</span> 
     </span>
     <span class='ocr_line' id='line_1_10' title="bbox 55 837 1445 900; baseline 0.002 -16"><span class='ocrx_word' id='word_1_80' title='bbox 55 855 246 900; x_wconf 88' lang='lat' dir='ltr'>cumque</span> <span class='ocrx_word' id='word_1_81' title='bbox 262 839 343 883; x_wconf 90' lang='lat' dir='ltr'>sibi</span> <span class='ocrx_word' id='word_1_82' title='bbox 366 838 420 882; x_wconf 89' lang='lat' dir='ltr'>ab</span> <span class='ocrx_word' id='word_1_83' title='bbox 441 837 533 882; x_wconf 91' lang='lat' dir='ltr'>aliis</span> <span class='ocrx_word' id='word_1_84' title='bbox 546 837 638 881; x_wconf 83' lang='lat' dir='ltr'>ficri</span> <span class='ocrx_word' id='word_1_85' title='bbox 653 837 853 897; x_wconf 81' lang='lat' dir='ltr'>cupiunt,</span> <span class='ocrx_word' id='word_1_86' title='bbox 874 837 969 881; x_wconf 79' lang='lat' dir='ltr'>haec</span> <span class='ocrx_word' id='word_1_87' title='bbox 996 837 1055 881; x_wconf 88' lang='lat' dir='ltr'>eis</span> <span class='ocrx_word' id='word_1_88' title='bbox 1077 847 1119 882; x_wconf 89' lang='lat' dir='ltr'>et</span> <span class='ocrx_word' id='word_1_89' title='bbox 1144 838 1223 898; x_wconf 89' lang='lat' dir='ltr'>ipsi</span> <span class='ocrx_word' id='word_1_90' title='bbox 1248 838 1411 886; x_wconf 87' lang='lat' dir='ltr'>faciant</span> <span class='ocrx_word' id='word_1_91' title='bbox 1436 860 1445 888; x_wconf 93' lang='lat'>:</span> 
     </span>
     <span class='ocr_line' id='line_1_11' title="bbox 55 907 1449 968; baseline 0.002 -13"><span class='ocrx_word' id='word_1_92' title='bbox 55 927 111 956; x_wconf 87' lang='lat' dir='ltr'>ne</span> <span class='ocrx_word' id='word_1_93' title='bbox 130 910 374 955; x_wconf 85' lang='lat' dir='ltr'>seinvicem</span> <span class='ocrx_word' id='word_1_94' title='bbox 398 908 671 968; x_wconf 79' lang='lat' dir='ltr'>turpitudine</span> <span class='ocrx_word' id='word_1_95' title='bbox 687 907 850 953; x_wconf 76' lang='lat' dir='ltr'>illicitae</span> <span class='ocrx_word' id='word_1_96' title='bbox 870 907 1108 968; x_wconf 80' lang='lat' dir='ltr'>voluptatis</span> <span class='ocrx_word' id='word_1_97' title='bbox 1125 909 1348 956; x_wconf 87' lang='lat' dir='ltr'>oblectent</span> <span class='ocrx_word' id='word_1_98' title='bbox 1361 915 1379 957; x_wconf 78' lang='grc' dir='ltr'><em>Ρ</em></span> <span class='ocrx_word' id='word_1_99' title='bbox 1392 916 1449 958; x_wconf 83' lang='lat' dir='ltr'>Et</span> 
     </span>
     <span class='ocr_line' id='line_1_12' title="bbox 56 980 1449 1041; baseline 0.001 -13"><span class='ocrx_word' id='word_1_100' title='bbox 56 993 203 1028; x_wconf 86' lang='lat' dir='ltr'>tamen</span> <span class='ocrx_word' id='word_1_101' title='bbox 213 980 545 1026; x_wconf 88' lang='lat' dir='ltr'>saluberrimum</span> <span class='ocrx_word' id='word_1_102' title='bbox 560 980 919 1041; x_wconf 81' lang='lat' dir='ltr'>verissimumque</span> <span class='ocrx_word' id='word_1_103' title='bbox 928 990 1194 1041; x_wconf 82' lang='lat' dir='ltr'>praeceptum</span> <span class='ocrx_word' id='word_1_104' title='bbox 1206 992 1284 1028; x_wconf 89' lang='lat' dir='ltr'>est:</span> <span class='ocrx_word' id='word_1_105' title='bbox 1295 987 1449 1039; x_wconf 79' lang='lat' dir='ltr'>«Quoe-</span> 
     </span>
     <span class='ocr_line' id='line_1_13' title="bbox 58 1050 1449 1113; baseline 0.004 -18"><span class='ocrx_word' id='word_1_106' title='bbox 58 1072 79 1095; x_wconf 86' lang='lat'>»</span> <span class='ocrx_word' id='word_1_107' title='bbox 97 1068 287 1113; x_wconf 86' lang='lat' dir='ltr'>cumque</span> <span class='ocrx_word' id='word_1_108' title='bbox 296 1051 427 1097; x_wconf 78' lang='lat' dir='ltr'>vultis</span> <span class='ocrx_word' id='word_1_109' title='bbox 438 1061 487 1096; x_wconf 89' lang='lat' dir='ltr'>ut</span> <span class='ocrx_word' id='word_1_110' title='bbox 496 1050 657 1095; x_wconf 87' lang='lat' dir='ltr'>faciant</span> <span class='ocrx_word' id='word_1_111' title='bbox 669 1051 792 1096; x_wconf 88' lang='lat' dir='ltr'>vobis</span> <span class='ocrx_word' id='word_1_112' title='bbox 804 1051 1002 1095; x_wconf 87' lang='lat' dir='ltr'>homines</span> <span class='ocrx_word' id='word_1_113' title='bbox 1014 1050 1165 1096; x_wconf 89' lang='lat' dir='ltr'>eadem</span> <span class='ocrx_word' id='word_1_114' title='bbox 1177 1062 1220 1097; x_wconf 87' lang='lat' dir='ltr'>et</span> <span class='ocrx_word' id='word_1_115' title='bbox 1231 1070 1306 1098; x_wconf 87' lang='lat' dir='ltr'>vos</span> <span class='ocrx_word' id='word_1_116' title='bbox 1322 1053 1449 1100; x_wconf 85' lang='lat' dir='ltr'>facite</span> 
     </span>
     <span class='ocr_line' id='line_1_14' title="bbox 59 1121 1449 1187; baseline 0.002 -19"><span class='ocrx_word' id='word_1_117' title='bbox 59 1144 79 1168; x_wconf 87' lang='lat'>»</span> <span class='ocrx_word' id='word_1_118' title='bbox 97 1123 195 1169; x_wconf 89' lang='lat' dir='ltr'>illis.</span> <span class='ocrx_word' id='word_1_119' title='bbox 212 1142 231 1164; x_wconf 61' lang='lat'>³&gt;</span> <span class='ocrx_word' id='word_1_120' title='bbox 249 1126 305 1167; x_wconf 86' lang='lat' dir='ltr'>Et</span> <span class='ocrx_word' id='word_1_121' title='bbox 318 1123 401 1167; x_wconf 91' lang='lat' dir='ltr'>hoc</span> <span class='ocrx_word' id='word_1_122' title='bbox 415 1121 549 1178; x_wconf 86' lang='lat' dir='ltr'>unde,</span> <span class='ocrx_word' id='word_1_123' title='bbox 567 1122 648 1166; x_wconf 89' lang='lat' dir='ltr'>nisi</span> <span class='ocrx_word' id='word_1_124' title='bbox 661 1122 763 1182; x_wconf 86' lang='lat' dir='ltr'>quia</span> <span class='ocrx_word' id='word_1_125' title='bbox 780 1122 864 1166; x_wconf 92' lang='lat' dir='ltr'>hoc</span> <span class='ocrx_word' id='word_1_126' title='bbox 882 1121 978 1166; x_wconf 95' lang='lat' dir='ltr'>loco</span> <span class='ocrx_word' id='word_1_127' title='bbox 993 1121 1126 1168; x_wconf 89' lang='lat' dir='ltr'>modo</span> <span class='ocrx_word' id='word_1_128' title='bbox 1144 1123 1336 1184; x_wconf 86' lang='lat' dir='ltr'>quodam</span> <span class='ocrx_word' id='word_1_129' title='bbox 1346 1143 1449 1187; x_wconf 88' lang='lat' dir='ltr'>pro-</span> 
     </span>
     <span class='ocr_line' id='line_1_15' title="bbox 54 1191 1449 1257; baseline 0.004 -18"><span class='ocrx_word' id='word_1_130' title='bbox 54 1195 150 1256; x_wconf 88' lang='lat' dir='ltr'>prio</span> <span class='ocrx_word' id='word_1_131' title='bbox 172 1193 375 1238; x_wconf 81' lang='lat' dir='ltr'>voluntas</span> <span class='ocrx_word' id='word_1_132' title='bbox 392 1193 533 1253; x_wconf 89' lang='lat' dir='ltr'>posita</span> <span class='ocrx_word' id='word_1_133' title='bbox 555 1201 640 1247; x_wconf 84' lang='lat' dir='ltr'>est,</span> <span class='ocrx_word' id='word_1_134' title='bbox 669 1208 768 1253; x_wconf 83' lang='lat' dir='ltr'>quae</span> <span class='ocrx_word' id='word_1_135' title='bbox 790 1193 835 1236; x_wconf 90' lang='lat' dir='ltr'>in</span> <span class='ocrx_word' id='word_1_136' title='bbox 858 1191 973 1238; x_wconf 90' lang='lat' dir='ltr'>malo</span> <span class='ocrx_word' id='word_1_137' title='bbox 1004 1193 1140 1254; x_wconf 84' lang='lat' dir='ltr'>accipi</span> <span class='ocrx_word' id='word_1_138' title='bbox 1164 1211 1253 1239; x_wconf 92' lang='lat' dir='ltr'>non</span> <span class='ocrx_word' id='word_1_139' title='bbox 1275 1200 1449 1257; x_wconf 78' lang='lat' dir='ltr'>potest?</span> 
     </span>
     <span class='ocr_line' id='line_1_16' title="bbox 57 1262 1445 1325; baseline 0.002 -14"><span class='ocrx_word' id='word_1_140' title='bbox 57 1263 298 1311; x_wconf 85' lang='lat' dir='ltr'>Locutione</span> <span class='ocrx_word' id='word_1_141' title='bbox 319 1280 422 1309; x_wconf 77' lang='lat' dir='ltr'>vero</span> <span class='ocrx_word' id='word_1_142' title='bbox 445 1263 691 1319; x_wconf 75' lang='lat' dir='ltr'>usitatiore7</span> <span class='ocrx_word' id='word_1_143' title='bbox 710 1280 841 1324; x_wconf 84' lang='lat' dir='ltr'>quam</span> <span class='ocrx_word' id='word_1_144' title='bbox 865 1262 1114 1325; x_wconf 83' lang='lat' dir='ltr'>frequentat</span> <span class='ocrx_word' id='word_1_145' title='bbox 1132 1268 1317 1312; x_wconf 80' lang='lat' dir='ltr'>maxime</span> <span class='ocrx_word' id='word_1_146' title='bbox 1339 1285 1445 1314; x_wconf 90' lang='lat' dir='ltr'>con-</span> 
     </span>
     <span class='ocr_line' id='line_1_17' title="bbox 56 1333 1450 1396; baseline 0.003 -14"><span class='ocrx_word' id='word_1_147' title='bbox 56 1336 242 1383; x_wconf 84' lang='lat' dir='ltr'>suetudo</span> <span class='ocrx_word' id='word_1_148' title='bbox 256 1336 462 1380; x_wconf 88' lang='lat' dir='ltr'>sermonis</span> <span class='ocrx_word' id='word_1_149' title='bbox 480 1371 489 1391; x_wconf 88' lang='lat'><strong>‚</strong></span> <span class='ocrx_word' id='word_1_150' title='bbox 511 1350 601 1379; x_wconf 92' lang='lat' dir='ltr'>non</span> <span class='ocrx_word' id='word_1_151' title='bbox 616 1335 768 1396; x_wconf 84' lang='lat' dir='ltr'>utique</span> <span class='ocrx_word' id='word_1_152' title='bbox 786 1333 1002 1379; x_wconf 79' lang='lat' dir='ltr'>diceretur</span> <span class='ocrx_word' id='word_1_153' title='bbox 1018 1354 1026 1382; x_wconf 92' lang='lat'><strong>:</strong></span> <span class='ocrx_word' id='word_1_154' title='bbox 1048 1355 1067 1378; x_wconf 86' lang='lat'>«</span> <span class='ocrx_word' id='word_1_155' title='bbox 1083 1335 1180 1382; x_wconf 87' lang='lat' dir='ltr'>Noli</span> <span class='ocrx_word' id='word_1_156' title='bbox 1198 1338 1310 1383; x_wconf 90' lang='lat' dir='ltr'>vclle</span> <span class='ocrx_word' id='word_1_157' title='bbox 1325 1356 1450 1386; x_wconf 90' lang='lat' dir='ltr'>men-</span> 
     </span>
     <span class='ocr_line' id='line_1_18' title="bbox 60 1406 1449 1474; baseline 0.005 -23"><span class='ocrx_word' id='word_1_158' title='bbox 60 1429 80 1451; x_wconf 82' lang='lat'>»</span> <span class='ocrx_word' id='word_1_159' title='bbox 94 1409 163 1453; x_wconf 86' lang='lat' dir='ltr'>tiri</span> <span class='ocrx_word' id='word_1_160' title='bbox 173 1424 302 1453; x_wconf 90' lang='lat' dir='ltr'>omne</span> <span class='ocrx_word' id='word_1_161' title='bbox 313 1407 639 1452; x_wconf 79' lang='lat' dir='ltr'>mendacium1»</span> <span class='ocrx_word' id='word_1_162' title='bbox 651 1426 659 1451; x_wconf 89' lang='lat'>:</span> <span class='ocrx_word' id='word_1_163' title='bbox 672 1407 751 1450; x_wconf 90' lang='lat' dir='ltr'>nisi</span> <span class='ocrx_word' id='word_1_164' title='bbox 763 1416 923 1451; x_wconf 88' lang='lat' dir='ltr'>essetet</span> <span class='ocrx_word' id='word_1_165' title='bbox 937 1406 1138 1453; x_wconf 83' lang='lat' dir='ltr'>voluntas</span> <span class='ocrx_word' id='word_1_166' title='bbox 1150 1410 1279 1467; x_wconf 75' lang='lat' dir='ltr'>mala,</span> <span class='ocrx_word' id='word_1_167' title='bbox 1292 1429 1314 1456; x_wconf 88' lang='lat' dir='ltr'>a</span> <span class='ocrx_word' id='word_1_168' title='bbox 1325 1415 1392 1474; x_wconf 86' lang='lat' dir='ltr'>cuj</span> <span class='ocrx_word' id='word_1_169' title='bbox 1401 1429 1449 1458; x_wconf 90' lang='lat' dir='ltr'>us</span> 
     </span>
     <span class='ocr_line' id='line_1_19' title="bbox 56 1477 1450 1543; baseline 0.003 -19"><span class='ocrx_word' id='word_1_170' title='bbox 56 1479 268 1542; x_wconf 74' lang='lat' dir='ltr'>pravitate</span> <span class='ocrx_word' id='word_1_171' title='bbox 300 1477 372 1522; x_wconf 88' lang='lat' dir='ltr'>illa</span> <span class='ocrx_word' id='word_1_172' title='bbox 403 1477 709 1536; x_wconf 80' lang='lat' dir='ltr'>distinguitur,</span> <span class='ocrx_word' id='word_1_173' title='bbox 746 1493 878 1538; x_wconf 87' lang='lat' dir='ltr'>quam</span> <span class='ocrx_word' id='word_1_174' title='bbox 912 1478 1264 1537; x_wconf 60' lang='lat' dir='ltr'>praedicaverunt</span> <span class='ocrx_word' id='word_1_175' title='bbox 1293 1483 1450 1543; x_wconf 79' lang='lat' dir='ltr'>Angeli</span> 
     </span>
     <span class='ocr_line' id='line_1_20' title="bbox 58 1547 1451 1599; baseline -0.001 -4"><span class='ocrx_word' id='word_1_176' title='bbox 58 1549 249 1595; x_wconf 90' lang='lat' dir='ltr'>dicentes</span> <span class='ocrx_word' id='word_1_177' title='bbox 267 1569 275 1593; x_wconf 81' lang='lat' dir='ltr'>z</span> <span class='ocrx_word' id='word_1_178' title='bbox 295 1569 314 1590; x_wconf 86' lang='lat'>«</span> <span class='ocrx_word' id='word_1_179' title='bbox 332 1552 417 1592; x_wconf 84' lang='lat' dir='ltr'>Pax</span> <span class='ocrx_word' id='word_1_180' title='bbox 431 1548 475 1591; x_wconf 90' lang='lat' dir='ltr'>in</span> <span class='ocrx_word' id='word_1_181' title='bbox 491 1557 602 1592; x_wconf 84' lang='lat' dir='ltr'>terra</span> <span class='ocrx_word' id='word_1_182' title='bbox 617 1547 868 1591; x_wconf 88' lang='lat' dir='ltr'>hominibus</span> <span class='ocrx_word' id='word_1_183' title='bbox 882 1547 1009 1592; x_wconf 82' lang='lat' dir='ltr'>bonae</span> <span class='ocrx_word' id='word_1_184' title='bbox 1019 1549 1320 1596; x_wconf 82' lang='lat' dir='ltr'>voluntatis.²»</span> <span class='ocrx_word' id='word_1_185' title='bbox 1341 1556 1451 1599; x_wconf 76' lang='lat' dir='ltr'>Nam</span> 
     </span>
     <span class='ocr_line' id='line_1_21' title="bbox 58 1617 1452 1683; baseline 0.003 -17"><span class='ocrx_word' id='word_1_186' title='bbox 58 1619 366 1666; x_wconf 79' lang='lat' dir='ltr'>exabundanti</span> <span class='ocrx_word' id='word_1_187' title='bbox 385 1617 583 1663; x_wconf 88' lang='lat' dir='ltr'>additum</span> <span class='ocrx_word' id='word_1_188' title='bbox 598 1628 676 1673; x_wconf 76' lang='lat' dir='ltr'>cst7</span> <span class='ocrx_word' id='word_1_189' title='bbox 697 1621 871 1673; x_wconf 76' lang='lat' dir='ltr'>«Rome,</span> <span class='ocrx_word' id='word_1_190' title='bbox 891 1637 910 1659; x_wconf 70' lang='lat' dir='ltr'>n</span> <span class='ocrx_word' id='word_1_191' title='bbox 926 1619 960 1663; x_wconf 91' lang='lat' dir='ltr'>si</span> <span class='ocrx_word' id='word_1_192' title='bbox 984 1636 1073 1664; x_wconf 88' lang='lat' dir='ltr'>csse</span> <span class='ocrx_word' id='word_1_193' title='bbox 1097 1637 1185 1665; x_wconf 89' lang='lat' dir='ltr'>non</span> <span class='ocrx_word' id='word_1_194' title='bbox 1202 1632 1346 1683; x_wconf 88' lang='lat' dir='ltr'>potest</span> <span class='ocrx_word' id='word_1_195' title='bbox 1371 1625 1452 1670; x_wconf 91' lang='lat' dir='ltr'>nisi</span> 
     </span>
     <span class='ocr_line' id='line_1_22' title="bbox 58 1690 1454 1748; baseline 0.004 -11"><span class='ocrx_word' id='word_1_196' title='bbox 58 1693 189 1737; x_wconf 88' lang='lat' dir='ltr'>bona.</span> <span class='ocrx_word' id='word_1_197' title='bbox 207 1690 325 1745; x_wconf 88' lang='lat' dir='ltr'>Quid</span> <span class='ocrx_word' id='word_1_198' title='bbox 351 1700 496 1734; x_wconf 87' lang='lat' dir='ltr'>autem</span> <span class='ocrx_word' id='word_1_199' title='bbox 511 1705 719 1748; x_wconf 89' lang='lat' dir='ltr'>magnum</span> <span class='ocrx_word' id='word_1_200' title='bbox 745 1690 789 1733; x_wconf 89' lang='lat' dir='ltr'>in</span> <span class='ocrx_word' id='word_1_201' title='bbox 811 1690 1030 1734; x_wconf 83' lang='lat' dir='ltr'>charitatis</span> <span class='ocrx_word' id='word_1_202' title='bbox 1054 1690 1259 1737; x_wconf 85' lang='lat' dir='ltr'>laudibus</span> <span class='ocrx_word' id='word_1_203' title='bbox 1280 1693 1454 1743; x_wconf 78' lang='lat' dir='ltr'>dixisset</span> 
     </span>
     <span class='ocr_line' id='line_1_23' title="bbox 59 1759 1453 1829; baseline 0.003 -20"><span class='ocrx_word' id='word_1_204' title='bbox 59 1761 294 1824; x_wconf 81' lang='lat' dir='ltr'>Apostolus</span> <span class='ocrx_word' id='word_1_205' title='bbox 312 1798 321 1817; x_wconf 79' lang='lat'>,</span> <span class='ocrx_word' id='word_1_206' title='bbox 344 1760 464 1822; x_wconf 84' lang='lat' dir='ltr'>quod</span> <span class='ocrx_word' id='word_1_207' title='bbox 494 1777 581 1805; x_wconf 87' lang='lat' dir='ltr'>non</span> <span class='ocrx_word' id='word_1_208' title='bbox 598 1759 785 1820; x_wconf 87' lang='lat' dir='ltr'>gaudeat</span> <span class='ocrx_word' id='word_1_209' title='bbox 807 1777 935 1821; x_wconf 83' lang='lat' dir='ltr'>super</span> <span class='ocrx_word' id='word_1_210' title='bbox 957 1761 1204 1823; x_wconf 81' lang='lat' dir='ltr'>iniquitate³</span> <span class='ocrx_word' id='word_1_211' title='bbox 1218 1800 1228 1820; x_wconf 79' lang='lat'>‚</span> <span class='ocrx_word' id='word_1_212' title='bbox 1252 1766 1332 1810; x_wconf 91' lang='lat' dir='ltr'>nisi</span> <span class='ocrx_word' id='word_1_213' title='bbox 1351 1768 1453 1829; x_wconf 81' lang='lat' dir='ltr'>quia</span> 
     </span>
     <span class='ocr_line' id='line_1_24' title="bbox 59 1831 1453 1893; baseline 0.003 -13"><span class='ocrx_word' id='word_1_214' title='bbox 59 1836 117 1880; x_wconf 87' lang='lat' dir='ltr'>ita</span> <span class='ocrx_word' id='word_1_215' title='bbox 139 1833 384 1893; x_wconf 86' lang='lat' dir='ltr'>malignitas</span> <span class='ocrx_word' id='word_1_216' title='bbox 409 1831 604 1891; x_wconf 77' lang='lat' dir='ltr'>gaudet?</span> <span class='ocrx_word' id='word_1_217' title='bbox 626 1835 731 1877; x_wconf 87' lang='lat' dir='ltr'>Nam</span> <span class='ocrx_word' id='word_1_218' title='bbox 757 1842 799 1877; x_wconf 81' lang='lat' dir='ltr'>et</span> <span class='ocrx_word' id='word_1_219' title='bbox 822 1832 937 1893; x_wconf 88' lang='lat' dir='ltr'>apud</span> <span class='ocrx_word' id='word_1_220' title='bbox 958 1843 1152 1879; x_wconf 82' lang='lat' dir='ltr'>auctores</span> <span class='ocrx_word' id='word_1_221' title='bbox 1176 1836 1453 1885; x_wconf 71' lang='lat' dir='ltr'>saecularium</span> 
     </span>
     <span class='ocr_line' id='line_1_25' title="bbox 60 1903 1449 1969; baseline 0.004 -20"><span class='ocrx_word' id='word_1_222' title='bbox 60 1904 304 1950; x_wconf 88' lang='lat' dir='ltr'>litterarum</span> <span class='ocrx_word' id='word_1_223' title='bbox 317 1940 328 1958; x_wconf 79' lang='lat'>‚</span> <span class='ocrx_word' id='word_1_224' title='bbox 345 1903 440 1948; x_wconf 90' lang='lat' dir='ltr'>talis</span> <span class='ocrx_word' id='word_1_225' title='bbox 459 1903 639 1947; x_wconf 87' lang='lat' dir='ltr'>istorum</span> <span class='ocrx_word' id='word_1_226' title='bbox 657 1904 892 1947; x_wconf 68' lang='lat' dir='ltr'>verborum</span> <span class='ocrx_word' id='word_1_227' title='bbox 908 1903 1200 1950; x_wconf 82' lang='lat' dir='ltr'>indifferentia</span> <span class='ocrx_word' id='word_1_228' title='bbox 1221 1910 1449 1969; x_wconf 88' lang='lat' dir='ltr'>reperitur.</span> 
     </span>
     <span class='ocr_line' id='line_1_26' title="bbox 61 1974 1453 2036; baseline 0.004 -16"><span class='ocrx_word' id='word_1_229' title='bbox 61 1978 133 2024; x_wconf 85' lang='lat' dir='ltr'>Ait</span> <span class='ocrx_word' id='word_1_230' title='bbox 156 1975 433 2020; x_wconf 88' lang='lat' dir='ltr'>enimCicero</span> <span class='ocrx_word' id='word_1_231' title='bbox 447 1983 592 2018; x_wconf 87' lang='lat' dir='ltr'>orator</span> <span class='ocrx_word' id='word_1_232' title='bbox 615 1974 924 2034; x_wconf 85' lang='lat' dir='ltr'>amplissimus:</span> <span class='ocrx_word' id='word_1_233' title='bbox 945 1976 1133 2036; x_wconf 78' lang='lat' dir='ltr'>«Cupio,</span> <span class='ocrx_word' id='word_1_234' title='bbox 1160 1980 1307 2023; x_wconf 86' lang='lat' dir='ltr'>Patres</span> <span class='ocrx_word' id='word_1_235' title='bbox 1331 1997 1453 2026; x_wconf 85' lang='lat' dir='ltr'>cons-</span> 
     </span>
     <span class='ocr_line' id='line_1_27' title="bbox 63 2044 1453 2113; baseline 0.004 -21"><span class='ocrx_word' id='word_1_236' title='bbox 63 2047 212 2107; x_wconf 70' lang='lat' dir='ltr'>cripti,</span> <span class='ocrx_word' id='word_1_237' title='bbox 233 2062 302 2090; x_wconf 82' lang='lat' dir='ltr'>me</span> <span class='ocrx_word' id='word_1_238' title='bbox 320 2061 410 2090; x_wconf 88' lang='lat' dir='ltr'>esse</span> <span class='ocrx_word' id='word_1_239' title='bbox 430 2044 724 2090; x_wconf 48' lang='lat' dir='ltr'>clementem&amp;</span> <span class='ocrx_word' id='word_1_240' title='bbox 743 2064 761 2085; x_wconf 84' lang='lat'>»</span> <span class='ocrx_word' id='word_1_241' title='bbox 780 2046 889 2099; x_wconf 89' lang='lat' dir='ltr'>Quia</span> <span class='ocrx_word' id='word_1_242' title='bbox 905 2045 949 2090; x_wconf 88' lang='lat' dir='ltr'>id</span> <span class='ocrx_word' id='word_1_243' title='bbox 961 2047 1145 2092; x_wconf 79' lang='lat' dir='ltr'>verbum</span> <span class='ocrx_word' id='word_1_244' title='bbox 1166 2049 1211 2093; x_wconf 92' lang='lat' dir='ltr'>in</span> <span class='ocrx_word' id='word_1_245' title='bbox 1233 2050 1350 2095; x_wconf 91' lang='lat' dir='ltr'>bono</span> <span class='ocrx_word' id='word_1_246' title='bbox 1372 2069 1453 2113; x_wconf 90' lang='lat' dir='ltr'>po-</span> 
     </span>
     <span class='ocr_line' id='line_1_28' title="bbox 63 2114 1450 2183; baseline 0.004 -21"><span class='ocrx_word' id='word_1_247' title='bbox 63 2119 164 2173; x_wconf 68' lang='lat' dir='ltr'>suit,</span> <span class='ocrx_word' id='word_1_248' title='bbox 181 2117 277 2178; x_wconf 87' lang='lat' dir='ltr'>quis</span> <span class='ocrx_word' id='word_1_249' title='bbox 294 2126 379 2160; x_wconf 88' lang='lat' dir='ltr'>tam</span> <span class='ocrx_word' id='word_1_250' title='bbox 394 2131 593 2176; x_wconf 84' lang='lat' dir='ltr'>perverse</span> <span class='ocrx_word' id='word_1_251' title='bbox 608 2114 762 2160; x_wconf 87' lang='lat' dir='ltr'>doctus</span> <span class='ocrx_word' id='word_1_252' title='bbox 778 2116 944 2171; x_wconf 79' lang='lat' dir='ltr'>existat,</span> <span class='ocrx_word' id='word_1_253' title='bbox 960 2119 1035 2178; x_wconf 88' lang='lat' dir='ltr'>qui</span> <span class='ocrx_word' id='word_1_254' title='bbox 1051 2134 1139 2163; x_wconf 89' lang='lat' dir='ltr'>non</span> <span class='ocrx_word' id='word_1_255' title='bbox 1154 2135 1253 2164; x_wconf 89' lang='lat' dir='ltr'>eum</span> <span class='ocrx_word' id='word_1_256' title='bbox 1267 2124 1450 2183; x_wconf 82' lang='lat' dir='ltr'>«Cupio,</span> 
     </span>
     <span class='ocr_line' id='line_1_29' title="bbox 63 2184 1453 2253; baseline 0.004 -20"><span class='ocrx_word' id='word_1_257' title='bbox 63 2187 140 2233; x_wconf 86' lang='lat' dir='ltr'>sed</span> <span class='ocrx_word' id='word_1_258' title='bbox 158 2186 337 2231; x_wconf 78' lang='lat' dir='ltr'>«Volo»</span> <span class='ocrx_word' id='word_1_259' title='bbox 356 2186 500 2246; x_wconf 83' lang='lat' dir='ltr'>potius</span> <span class='ocrx_word' id='word_1_260' title='bbox 524 2184 666 2230; x_wconf 86' lang='lat' dir='ltr'>dicere</span> <span class='ocrx_word' id='word_1_261' title='bbox 685 2185 884 2230; x_wconf 83' lang='lat' dir='ltr'>debuisse</span> <span class='ocrx_word' id='word_1_262' title='bbox 898 2188 1166 2234; x_wconf 77' lang='lat' dir='ltr'>contendat?</span> <span class='ocrx_word' id='word_1_263' title='bbox 1184 2194 1318 2237; x_wconf 89' lang='lat' dir='ltr'>Porro</span> <span class='ocrx_word' id='word_1_264' title='bbox 1337 2195 1453 2253; x_wconf 87' lang='lat' dir='ltr'>apud</span> 
     </span>
     <span class='ocr_line' id='line_1_30' title="bbox 67 2256 1450 2324; baseline 0.004 -20"><span class='ocrx_word' id='word_1_265' title='bbox 67 2259 319 2304; x_wconf 89' lang='lat' dir='ltr'>Terentium</span> <span class='ocrx_word' id='word_1_266' title='bbox 336 2257 575 2317; x_wconf 86' lang='lat' dir='ltr'>flagitiosus</span> <span class='ocrx_word' id='word_1_267' title='bbox 590 2256 839 2302; x_wconf 87' lang='lat' dir='ltr'>adolescens</span> <span class='ocrx_word' id='word_1_268' title='bbox 858 2258 1007 2304; x_wconf 87' lang='lat' dir='ltr'>insana</span> <span class='ocrx_word' id='word_1_269' title='bbox 1024 2260 1210 2321; x_wconf 83' lang='lat' dir='ltr'>flagrans</span> <span class='ocrx_word' id='word_1_270' title='bbox 1229 2264 1450 2324; x_wconf 82' lang='lat' dir='ltr'>cupidine:</span> 
     </span>
     <span class='ocr_line' id='line_1_31' title="bbox 260 2342 1028 2386; baseline 0.003 -11"><span class='ocrx_word' id='word_1_271' title='bbox 260 2343 341 2376; x_wconf 82' lang='lat' dir='ltr'>Nihil</span> <span class='ocrx_word' id='word_1_272' title='bbox 357 2343 427 2375; x_wconf 73' lang='lat' dir='ltr'>volo</span> <span class='ocrx_word' id='word_1_273' title='bbox 446 2342 539 2383; x_wconf 82' lang='lat' dir='ltr'>aliud,</span> <span class='ocrx_word' id='word_1_274' title='bbox 563 2343 675 2386; x_wconf 81' lang='lat' dir='ltr'>inquit,</span> <span class='ocrx_word' id='word_1_275' title='bbox 695 2344 753 2375; x_wconf 71' lang='lat' dir='ltr'>nisi</span> <span class='ocrx_word' id='word_1_276' title='bbox 770 2343 986 2377; x_wconf 81' lang='lat' dir='ltr'>Philumenam</span> <span class='ocrx_word' id='word_1_277' title='bbox 1001 2343 1028 2377; x_wconf 84' lang='lat'>5.</span> 
     </span>
     <span class='ocr_line' id='line_1_32' title="bbox 66 2405 1452 2474; baseline 0.006 -21"><span class='ocrx_word' id='word_1_278' title='bbox 66 2423 199 2471; x_wconf 82' lang='lat' dir='ltr'>quam</span> <span class='ocrx_word' id='word_1_279' title='bbox 211 2406 482 2453; x_wconf 79' lang='lat' dir='ltr'>voluntatem</span> <span class='ocrx_word' id='word_1_280' title='bbox 497 2405 627 2452; x_wconf 85' lang='lat' dir='ltr'>fuisse</span> <span class='ocrx_word' id='word_1_281' title='bbox 640 2406 881 2465; x_wconf 86' lang='lat' dir='ltr'>libidinem,</span> <span class='ocrx_word' id='word_1_282' title='bbox 914 2411 1132 2470; x_wconf 87' lang='lat' dir='ltr'>responsio</span> <span class='ocrx_word' id='word_1_283' title='bbox 1151 2428 1249 2474; x_wconf 84' lang='lat' dir='ltr'>quae</span> <span class='ocrx_word' id='word_1_284' title='bbox 1268 2413 1329 2458; x_wconf 91' lang='lat' dir='ltr'>ibi</span> <span class='ocrx_word' id='word_1_285' title='bbox 1343 2417 1452 2461; x_wconf 81' lang='lat' dir='ltr'>servi</span> 
     </span>
    </p>
   </div>
   <div class='ocr_carea' id='block_1_3' title="bbox 68 2491 1451 2595">
    <p class='ocr_par' dir='ltr' id='par_1_3' title="bbox 68 2491 1451 2595">
     <span class='ocr_line' id='line_1_33' title="bbox 116 2491 1451 2540; baseline 0.006 -14"><span class='ocrx_word' id='word_1_286' title='bbox 116 2500 125 2517; x_wconf 90' lang='lat'>¹</span> <span class='ocrx_word' id='word_1_287' title='bbox 148 2493 307 2536; x_wconf 72' lang='lat' dir='ltr'>Eccl.v11‚</span> <span class='ocrx_word' id='word_1_288' title='bbox 331 2492 381 2536; x_wconf 70' lang='grc'>14.</span> <span class='ocrx_word' id='word_1_289' title='bbox 404 2508 447 2515; x_wconf 91' lang='lat'>—-</span> <span class='ocrx_word' id='word_1_290' title='bbox 469 2494 568 2526; x_wconf 77' lang='lat' dir='ltr'>2Lue.</span> <span class='ocrx_word' id='word_1_291' title='bbox 594 2504 639 2536; x_wconf 86' lang='lat'>11,</span> <span class='ocrx_word' id='word_1_292' title='bbox 672 2491 723 2536; x_wconf 62' lang='lat'>¹3}-</span> <span class='ocrx_word' id='word_1_293' title='bbox 744 2509 785 2517; x_wconf 86' lang='lat'>—-</span> <span class='ocrx_word' id='word_1_294' title='bbox 818 2491 831 2516; x_wconf 83' lang='lat'>³</span> <span class='ocrx_word' id='word_1_295' title='bbox 855 2505 866 2527; x_wconf 86' lang='lat'>1</span> <span class='ocrx_word' id='word_1_296' title='bbox 900 2495 971 2529; x_wconf 89' lang='lat' dir='ltr'>Cor.</span> <span class='ocrx_word' id='word_1_297' title='bbox 988 2507 1057 2540; x_wconf 87' lang='lat' dir='ltr'>xm,</span> <span class='ocrx_word' id='word_1_298' title='bbox 1076 2494 1111 2530; x_wconf 80' lang='lat'>6.</span> <span class='ocrx_word' id='word_1_299' title='bbox 1135 2512 1178 2523; x_wconf 86' lang='lat'>——-</span> <span class='ocrx_word' id='word_1_300' title='bbox 1196 2496 1286 2533; x_wconf 56' lang='lat' dir='ltr'>(ieie.</span> <span class='ocrx_word' id='word_1_301' title='bbox 1308 2501 1393 2534; x_wconf 86' lang='lat' dir='ltr'>Orat.</span> <span class='ocrx_word' id='word_1_302' title='bbox 1422 2512 1451 2536; x_wconf 86' lang='lat'>1.</span> 
     </span>
     <span class='ocr_line' id='line_1_34' title="bbox 68 2548 924 2595; baseline 0 -10"><span class='ocrx_word' id='word_1_303' title='bbox 68 2551 100 2585; x_wconf 89' lang='lat' dir='ltr'>in</span> <span class='ocrx_word' id='word_1_304' title='bbox 118 2551 240 2585; x_wconf 83' lang='lat' dir='ltr'>Catilin.</span> <span class='ocrx_word' id='word_1_305' title='bbox 260 2568 301 2576; x_wconf 92' lang='lat'>—</span> <span class='ocrx_word' id='word_1_306' title='bbox 320 2548 471 2585; x_wconf 82' lang='lat' dir='ltr'>⁵Terent.</span> <span class='ocrx_word' id='word_1_307' title='bbox 492 2551 524 2585; x_wconf 84' lang='lat' dir='ltr'>in</span> <span class='ocrx_word' id='word_1_308' title='bbox 543 2551 670 2585; x_wconf 69' lang='lat' dir='ltr'>Andria.</span> <span class='ocrx_word' id='word_1_309' title='bbox 691 2557 754 2586; x_wconf 80' lang='lat' dir='ltr'>act.</span> <span class='ocrx_word' id='word_1_310' title='bbox 773 2561 810 2595; x_wconf 81' lang='lat' dir='ltr'>n,</span> <span class='ocrx_word' id='word_1_311' title='bbox 833 2559 877 2585; x_wconf 72' lang='lat' dir='ltr'>sc.</span> <span class='ocrx_word' id='word_1_312' title='bbox 897 2563 924 2585; x_wconf 89' lang='lat'>1.</span> 
     </span>
    </p>
   </div>
  </div>
 </body>
</html>
