1742 2860
261 101 279 136 1
289 97 343 136 72
670 113 702 139 s.
739 111 968 141 Aneusrlm
1002 114 1181 141 131>1scov1

259 172 353 218 titia
385 189 515 234 porro
545 175 647 236 quia
676 175 730 221 de
760 178 875 223 malo
904 189 989 235 est,
1015 178 1135 239 quod
1151 180 1241 239 jain
1270 179 1644 238 accidit3nullum

258 254 404 289 autem
426 245 592 290 malum
613 248 859 293 existimant
879 266 1002 310 posse
1025 249 1219 294 accidere
1242 249 1448 309 sapienti:
1474 250 1582 295 nihil
1599 251 1645 295 in

255 316 346 375 ejus
360 316 504 361 animo
518 333 597 376 pro
611 317 683 362 illa
700 334 789 363 esse
802 335 925 379 posse
940 320 1156 365 dixerunt.
1182 320 1249 365 Sic
1265 336 1367 379 ergo
1381 320 1444 364 illi
1454 320 1646 382 loquun-

255 394 348 441 tur,
384 394 433 430 ut
460 386 597 443 velle,
632 386 843 447 gaudere,
879 406 1029 436 cavere
1056 399 1240 450 negent,
1267 391 1347 435 nisi
1369 391 1607 451 sapientem
1631 409 1642 437 z

256 455 442 501 stultum
477 467 623 502 autem
661 460 835 504 nonnisi
868 477 1053 522 cupere,
1089 460 1255 518 laetari,
1293 471 1511 517 metuere,
1536 477 1645 507 con-

256 527 430 572 tristari.
461 530 518 573 Et
545 528 640 573 illas
662 538 747 574 tres
769 547 858 576 esse
880 532 1163 588 constantias,
1190 533 1266 577 has
1288 541 1435 577 autem
1457 542 1645 594 quatuor

254 598 602 657 perturbationes
639 601 879 646 seeundum
914 603 1168 648 Ciceronem
1189 637 1200 657 ,
1234 603 1476 647 secundum
1503 602 1644 663 pluri-

258 684 351 714 mos
369 679 515 714 autem
537 670 770 730 passiones.
797 675 944 718 Graeee
967 683 1112 718 autem
1134 672 1219 717 illae
1243 682 1327 718 tres
1344 707 1355 729 ,
1388 674 1499 718 sicut
1532 673 1641 729 dixi,

255 740 532 799 appellantur
556 752 752 792 θαὺπάδείας
776 764 788 802 3
815 744 908 789 istae
937 754 1083 790 autem
1111 753 1420 806 quatuorrwzon.
1460 747 1562 789 Haec
1584 743 1646 788 lo-

256 812 378 856 cutio
402 822 552 858 utrum
582 816 812 876 Scripturis
835 817 991 861 sanctis
1014 826 1253 876 congruat,
1279 832 1380 861 eum
1401 830 1645 877 quaererem

255 892 470 943 quantum
486 886 611 945 potui
629 885 882 946 diligenter,
899 887 1010 931 illud
1027 887 1172 931 inveni
1187 887 1308 947 quod
1326 887 1386 931 ait
1400 886 1641 946 Propheta:

258 973 279 996 κ
304 957 400 1000 Non
434 965 497 1000 est
526 957 713 1016 gaudere
742 958 911 1018 impiis,
944 958 1049 1003 dicit
1083 959 1295 1003 Dominus
1312 961 1323 983 ¹
1349 978 1357 1003 ε
1380 976 1400 999 n
1434 967 1645 1018 tanquam

255 1022 375 1084 impii
399 1025 536 1071 laetari
564 1028 731 1088 possint
754 1029 896 1088 potius
919 1045 1051 1090 quam
1077 1029 1265 1087 gaudere
1290 1028 1344 1074 de
1366 1028 1489 1073 malis
1506 1063 1516 1076 ,
1542 1028 1645 1088 quia

256 1095 463 1154 gaudium
485 1100 659 1159 proprie
687 1100 904 1145 bonorum
935 1110 977 1143 et
1011 1100 1183 1160 piorum
1212 1108 1289 1144 est.
1326 1103 1436 1144 Item
1460 1098 1571 1143 illud
1599 1098 1645 1142 in

256 1167 518 1227 Evangelio:
543 1187 562 1211 «
580 1173 879 1230 Quaecumque
896 1169 1026 1214 vultis
1042 1178 1090 1213 ut
1110 1170 1270 1214 faciant
1287 1169 1410 1214 vobis
1426 1169 1640 1224 homines,

259 1256 279 1279 »
302 1238 397 1283 haec
422 1247 464 1283 et
494 1255 569 1285 vos
592 1239 720 1285 facite
749 1240 852 1285 illis2
872 1260 880 1285 ;
900 1259 920 1282 >›
945 1240 1004 1284 ita
1029 1238 1196 1285 dictum
1218 1241 1393 1284 videtur
1410 1249 1644 1300 ‚tanquam

255 1324 384 1353 nemo
406 1309 540 1368 possit
570 1309 737 1371 aliquid
766 1310 877 1355 male
899 1310 968 1355 vel
990 1311 1175 1370 turpiter
1204 1310 1340 1364 velle,
1369 1310 1444 1354 sed
1466 1325 1639 1370 cupere.

255 1379 452 1441 Denique
466 1390 643 1440 propter
660 1381 1022 1427 consuetudinem
1044 1381 1275 1426 locutionis
1290 1380 1491 1426 nonnulli
1506 1381 1643 1425 inter-

254 1458 396 1510 pretes
429 1449 694 1496 addiderunt
716 1451 856 1507 bona,
882 1460 924 1495 et
941 1451 1000 1495 ita
1023 1451 1293 1511 interpretati
1312 1461 1414 1496 sunt
1436 1470 1444 1496 2
1474 1471 1493 1493 ‹<
1511 1453 1644 1505 Quae-

257 1539 277 1561 >›
304 1537 494 1582 cumque
516 1522 647 1567 vultis
663 1532 713 1568 ut
735 1522 896 1568 faciant
916 1523 1038 1567 vobis
1057 1523 1252 1567 homines
1275 1523 1405 1568 bona.
1426 1542 1446 1564 »
1472 1526 1643 1568 Caven-

255 1590 361 1635 dum
384 1592 499 1635 enim
523 1602 810 1651 putaverunt,
837 1609 892 1636 ne
922 1593 1155 1653 quisquam
1183 1593 1412 1638 inhonesta
1438 1593 1541 1638 velit
1562 1593 1644 1637 sibi

254 1661 345 1705 fieri
369 1663 424 1705 ab
445 1663 697 1707 hominibus
715 1698 726 1719 ,
757 1673 806 1707 ut
828 1663 882 1706 de
904 1663 1172 1723 turpioribus
1206 1673 1393 1719 taceam,
1428 1672 1543 1707 certe
1570 1663 1643 1708 lu-

253 1733 423 1778 xuriosa
441 1733 654 1789 convivia,
669 1734 713 1777 in
728 1734 888 1794 quibus
911 1750 954 1778 se
971 1769 981 1788 ,
1002 1735 1035 1779 si
1054 1744 1095 1778 et
1114 1735 1204 1794 ipsc
1222 1734 1304 1779 illis
1323 1734 1452 1779 faciat
1469 1734 1639 1790 similia,

254 1803 339 1848 hoc
373 1813 642 1865 praeceptum
679 1805 890 1850 existimet
928 1805 1227 1866 impleturum.
1277 1805 1363 1851 Sed
1405 1805 1454 1850 in
1501 1822 1642 1864 graeco

251 1875 512 1935 Evangelio,
538 1876 655 1921 unde
684 1875 730 1920 in
750 1876 937 1921 latinum
954 1876 1213 1921 translatum
1248 1886 1335 1932 est,
1353 1893 1442 1920 non
1464 1876 1638 1935 legitur,

255 1964 275 1988 «
301 1949 420 1991 Bona
447 1966 456 1992 ;
484 1965 505 1989 υ
545 1947 653 2003 sed,
699 1967 719 1990 «
750 1951 1050 2008 Quaecumque
1082 1948 1213 1992 vultis
1249 1957 1298 1991 ut
1324 1947 1486 1992 saciant
1518 1947 1642 1992 vobis

255 2033 275 2056 »
293 2017 512 2072 homines,
539 2018 633 2062 haec
665 2026 707 2061 et
737 2033 813 2061 vos
835 2018 963 2061 facite
977 2017 1081 2061 illis:
1103 2016 1522 2077 »credoproptcrca,
1539 2017 1641 2078 quia

253 2084 298 2128 in
316 2102 366 2130 eo
381 2086 500 2146 quod
515 2086 643 2141 dixit,
674 2105 694 2129 «
715 2086 882 2142 Vultis,
904 2104 923 2128 »
944 2087 1034 2147 jam
1059 2086 1198 2132 voluit
1219 2086 1403 2146 intelligi
1423 2107 1442 2129 α
1459 2090 1593 2132 Bona.
1615 2105 1636 2129 »

251 2157 348 2200 Non
371 2157 486 2200 enim
506 2157 563 2200 ait
584 2176 594 2201 ·.
621 2157 802 2216 Cupitis.

312 2229 370 2270 II.
395 2229 493 2271 Non
513 2236 658 2270 tamen
677 2242 843 2286 semper
864 2227 927 2271 his
950 2226 1285 2287 proprietalibus
1307 2226 1470 2272 locutio
1484 2236 1629 2272 nostra

252 2296 464 2342 frenanda
486 2305 573 2353 est,
590 2296 665 2342 sed
686 2296 907 2342 interdum
924 2297 988 2342 his
1003 2297 1216 2343 utendum
1239 2308 1302 2343 est
1324 2317 1332 2343 ι
1353 2306 1397 2343 et
1413 2314 1513 2344 cum
1529 2297 1637 2358 legi-

302 2395 399 2430 ¹1sai.
420 2407 534 2440 xm'm,
554 2406 607 2432 21.
634 2400 668 2431 ct
684 2406 756 2439 ivn,
778 2403 831 2431 21.
849 2397 941 2440 juxta
961 2406 1031 2430 Lxx.
1057 2413 1098 2420 -
1125 2397 1260 2430 mmuh.
1284 2407 1342 2440 vn,
1368 2405 1417 2430 12.
1441 2400 1474 2431 ct
1487 2396 1566 2431 Tob.
1590 2405 1634 2438 iv,

262 2452 311 2485 16.
