1742 2860
233 161 316 201 468
670 168 704 194 s.
740 164 970 194 Ate-csrrim
1003 165 1184 192 EPISCOPI

230 243 544 289 numerentur,
567 232 763 287 Thaleti,
784 246 917 293 quem
940 247 1069 291 supra
1087 231 1522 277 commemoravimus
1536 267 1547 288 ,
1571 242 1615 277 et

227 308 334 355 huic
360 306 526 352 Pittaco
549 303 794 358 adduntur,
831 318 882 347 eo
914 311 1111 363 tempore
1135 301 1265 346 fuisse
1306 302 1455 347 scribit
1487 305 1621 349 Euse-

228 380 348 434 bius,
381 394 470 439 quo
493 375 687 435 captivus
718 373 794 418 Dei
817 372 1005 433 populus
1034 374 1079 416 in
1103 372 1343 431 Babylonia
1367 374 1616 419 tenebatur.

228 451 285 497 I-Ii
309 458 412 494 sunt
440 457 612 499 autem,
643 443 775 490 Solon
799 443 1097 499 Atheniensis,
1123 442 1250 488 Chilo
1280 443 1621 490 Lacedemonius

227 518 462 567 Periander
486 516 737 562 Corinthius
757 551 767 570 ,
796 513 1030 559 Cleobolus
1053 513 1255 570 Lindius,
1273 515 1369 559 Bias
1383 515 1616 561 Pricnaeus.

227 595 386 638 Omnes
407 590 469 644 hi,
489 597 663 648 ¹septem
697 584 901 646 appellati
935 585 1172 645 Sapientes,
1199 594 1297 644 post
1319 589 1467 645 po'e'tas
1496 587 1622 632 theo-

226 665 349 722 logos
363 661 629 713 claruerunt,
647 658 748 718 quia
766 672 922 715 genere
935 657 1034 701 vitae
1050 655 1242 716 quodam
1257 656 1468 701 laudabili
1485 673 1620 717 prees-

227 735 380 779 ·tabant
401 729 654 775 hominibus
676 727 841 773 coeteris
857 763 867 783 ,
895 736 937 771 ct
960 742 1134 771 morum
1162 727 1377 772 nonnulla
1405 738 1622 788 praccepta

224 802 540 850 sententiarum
557 799 770 844 brevitate
792 797 1005 858 complexi
1023 806 1139 842 sunt.
1160 797 1277 843 Nihil
1295 807 1441 842 autem
1458 814 1619 844 monu-

225 885 477 922 mentorum
495 909 506 929 ,
532 871 654 934 quod
675 870 730 914 ad
750 870 914 914 litteras
937 870 1116 926 attinet,
1148 870 1327 930 posteris
1349 869 1622 931 reliquerunt

225 948 308 994 nisi
331 946 453 1007 quod
474 944 606 990 Solon
626 942 835 1004 quasdam
854 942 970 1001 leges
983 941 1322 986 Atheniensibus
1343 941 1508 986 dedisse
1522 958 1621 1002 per-

224 1019 405 1065 hibetur
425 1036 434 1062 :
464 1014 618 1060 Thales
631 1030 733 1059 vero
747 1013 953 1073 physicus
970 1012 1077 1068 fuit,
1104 1021 1148 1056 et
1164 1027 1343 1056 suorum
1365 1011 1621 1070 dogmatum

225 1090 361 1135 libros
374 1087 565 1148 reliquit.
592 1090 657 1131 Eo
679 1085 935 1146 captivitatis
945 1084 1135 1145 judaicae
1152 1093 1348 1145 tempore
1362 1120 1372 1139 ,
1398 1093 1441 1128 et
1459 1085 1620 1129 Anaxi-

227 1161 436 1216 mander,
469 1168 512 1203 et
538 1158 849 1213 Anaximenes,
881 1166 924 1201 et
950 1157 1243 1217 Xenophanes
1264 1157 1432 1217 physici
1458 1156 1621 1202 clarue-

227 1242 347 1278 runt.
392 1234 515 1275 Tunc
545 1238 589 1275 et
628 1229 922 1288 Pythagoras,
954 1243 1006 1272 ex
1026 1243 1116 1289 quo
1149 1236 1380 1289 coeperunt
1413 1227 1620 1289 appellari

229 1302 494 1366 philosophi.

706 1606 924 1658 CAPUT
960 1608 1147 1658 XXVI.

240 1756 390 1822 Quod
415 1772 471 1802 eo
505 1764 742 1817 tempore,
770 1769 863 1814 quo
895 1751 1103 1815 impletis
1131 1755 1445 1817 septuaginta
1478 1757 1621 1801 annis

292 1829 575 1877 chcloeorzmz
603 1837 673 1872 est
703 1825 913 1872 resoluta
935 1825 1215 1886 captivitas,
1249 1826 1463 1874 Romani
1493 1843 1611 1887 quo-

294 1920 385 1963 que
412 1919 443 1950 cc
478 1899 728 1948 dominatu
754 1907 864 1946 sunt
895 1898 1026 1962 regio
1051 1896 1259 1944 liberati.

291 2054 381 2097 PER
401 2050 518 2094 idem
532 2058 702 2108 tempus
717 2049 857 2106 Cyrus
874 2061 948 2090 rex
969 2048 1194 2090 Persarum
1211 2081 1220 2101 ,
1245 2046 1321 2106 qui
1339 2046 1468 2091 etiam
1482 2047 1618 2093 Chal-

229 2124 333 2170 daeis
368 2132 410 2167 ct
436 2121 615 2179 Assyriis
653 2119 921 2179 imperabat,
966 2117 1151 2162 relaxata
1189 2117 1407 2178 aliquanta
1435 2119 1617 2178 captivi-

231 2205 320 2241 tate
339 2198 361 2239 J
368 2193 592 2238 udacorum
609 2228 619 2247 ,
646 2191 960 2252 quinquaginta
982 2189 1115 2233 millia
1141 2190 1369 2233 hominum
1400 2205 1451 2233 ex
1478 2191 1536 2234 eis
1563 2191 1618 2236 ad

229 2263 561 2312 instaurandum
593 2261 806 2321 templum
834 2259 1000 2319 regredi
1030 2259 1149 2304 fecit.
1186 2262 1224 2304 A
1257 2260 1415 2320 quibus
1445 2269 1617 2307 tantum

229 2339 370 2399 prima
418 2344 561 2395 coepta
598 2333 885 2387 fundamina,
932 2341 975 2376 et
1020 2331 1153 2375 altare
1195 2341 1493 2377 constructum
1535 2343 1611 2379 est.

230 2406 554 2454 Incursantibus
607 2413 751 2448 autem
795 2403 1027 2459 hostibus,
1080 2418 1357 2463 nequaquam
1411 2404 1615 2463 progredi

231 2477 487 2523 :edificando
514 2475 761 2530 valuerunt,
812 2473 1084 2534 dilatumque
1124 2490 1232 2534 opus
1269 2484 1333 2518 est
1377 2490 1514 2536 usquc
1559 2475 1613 2520 ad

230 2549 422 2595 Darium.
464 2552 545 2595 Per
582 2546 698 2594 idem
732 2555 902 2606 tempus
937 2545 1066 2591 ctiam
1096 2544 1168 2593 illa
1201 2554 1301 2591 sunt
1331 2555 1471 2605 gesta,
1512 2562 1612 2607 qua:
