1742 2860
234 113 316 151 372
643 126 676 151 s.
712 123 939 151 Auotts‘ruw
973 125 1150 151 EPISCOPI

232 189 395 249 primus
421 187 610 232 obtinuit
625 190 655 245 ¹,
681 199 728 233 ut
758 191 847 248 ejus
871 187 1027 232 deinde
1048 187 1206 248 posteri
1229 188 1273 232 in
1295 196 1462 231 terrena
1484 188 1612 232 Jeru-

235 259 369 305 salem
391 258 596 303 diuturna
619 259 884 303 successione
910 267 1162 317 regnarent,
1194 256 1314 302 dedit
1334 258 1542 317 figuram,
1567 274 1614 303 re

233 339 349 389 gesta
371 330 614 389 significans
634 339 763 389 atquc
781 329 1076 388 praenuntians
1092 365 1102 384 ,
1123 327 1242 390 quod
1261 344 1350 372 non
1367 338 1429 373 est
1456 339 1610 389 praete-

232 399 448 444 reundum
471 399 639 443 silentio
667 399 720 442 de
761 416 904 443 rerum
926 400 1167 443 mutatione
1190 399 1460 455 futurarum,
1486 398 1608 460 quod

237 471 391 514 attinet
415 469 469 513 ad
492 469 578 513 duo
604 472 894 525 Testamenta,
920 473 1054 514 Vetus
1083 479 1126 514 et
1147 472 1317 514 Novum
1339 490 1347 515 :
1373 470 1449 514 ubi
1471 486 1612 515 sacer-

235 541 404 585 dotium
449 555 719 599 regnumque
757 550 973 584 mutatum
1004 550 1067 584 est
1088 556 1164 600 per
1186 539 1452 585 sacerdotem
1488 556 1612 585 eum-

230 611 417 672 demque
443 627 585 670 rcgem
605 627 768 656 novum
794 628 841 656 ac
865 612 1174 671 sempiternum
1190 647 1200 667 ,
1233 612 1309 672 qui
1330 621 1393 656 051
1417 613 1614 657 Christus

229 686 366 726 Jesus.
380 685 487 726 Nam
503 690 544 724 et
559 681 670 736 Heli,
689 681 908 726 sacerdote
927 683 1173 742 reprobam,
1197 682 1454 727 substitutus
1473 683 1518 726 in
1537 683 1614 728 Dei

227 753 513 796 ministerium
527 752 714 807 Samuel,
729 753 804 796 sim
812 752 854 796 ul
867 754 1009 797 ossicio
1018 752 1193 797 functus
1205 753 1435 798 sacerdotis
1444 763 1485 797 et
1490 752 1613 813 judi-

226 824 286 867 cis
298 859 308 877 ,
326 833 368 867 et
385 823 510 868 Saiile
524 824 691 883 abjecto
706 840 777 866 rex
796 823 932 867 David
948 822 1153 867 fundatus
1167 824 1212 868 in
1226 840 1375 883 regno,
1392 825 1475 869 hoc
1493 824 1614 884 quod

227 893 324 938 dico
344 895 652 952 figuraverunt.
670 897 807 939 Mater
821 909 996 954 quoque
1012 893 1104 953 ipsa
1124 893 1331 938 Samuelis
1345 898 1470 939 Anna
1486 930 1496 950 ,
1512 911 1612 955 quae

226 966 344 1025 prius
378 963 460 1008 fuit
492 964 672 1019 sterilis,
707 974 749 1008 et
771 964 1005 1024 posteriore
1033 963 1321 1009 foecunditate
1346 964 1492 1010 laetata
1520 976 1609 1022 est,

226 1036 485 1095 prophetare
507 1034 623 1078 aliud
656 1051 745 1078 non
778 1034 973 1090 videtur,
1003 1051 1102 1079 cum
1126 1035 1458 1093 gratulationem
1487 1052 1610 1080 suam

229 1106 414 1150 Domino
437 1105 583 1149 fundit
601 1104 795 1149 exultans
814 1125 822 1150 ι
848 1105 1024 1165 quando
1042 1105 1243 1148 eumdem
1259 1121 1443 1164 puerum
1460 1116 1611 1151 natum

227 1186 270 1220 ct
293 1175 557 1219 ablactatum
592 1179 681 1218 Deo
712 1174 851 1218 reddit
884 1174 1035 1218 eadem
1067 1175 1249 1234 pietate,
1289 1193 1373 1237 qua
1407 1187 1607 1233 voverat,

227 1247 339 1291 Dicit
371 1247 508 1290 enim:
539 1246 891 1290 t<COllii1‘111{l[tlln
915 1254 976 1288 est
999 1261 1072 1289 cor
1093 1260 1239 1289 meum
1261 1247 1306 1289 in
1331 1247 1516 1291 Domino
1532 1283 1542 1302 ,
1569 1256 1612 1292 et

231 1337 250 1358 »
288 1316 522 1360 exaltatum
545 1325 608 1359 est
638 1331 774 1359 cornu
800 1330 945 1358 meum
968 1315 1012 1358 in
1034 1318 1123 1359 Deo
1147 1331 1258 1359 11100.
1294 1316 1526 1361 Dilatatum
1548 1327 1612 1362 est

230 1406 250 1428 ))
286 1403 415 1446 super
436 1386 630 1429 inimicos
654 1401 771 1428 meos
806 1400 851 1427 os
881 1400 1050 1429 meum:
1082 1385 1225 1429 laetata
1247 1387 1406 1430 511111111
1435 1387 1611 1432 salutari

229 1475 249 1498 ))
286 1467 377 1501 1110.
401 1457 616 1509 Quoniam
639 1471 728 1498 11011
757 1463 820 1497 est
840 1463 1012 1497 sanctus
1028 1489 1039 1509 ,
1065 1454 1176 1498 sicut
1198 1457 1431 1514 Dominus,
1457 1467 1499 1501 01
1521 1473 1611 1502 11011

229 1545 249 1568 ))
285 1537 348 1570 051
363 1528 504 1586 justus
522 1561 532 1580 ,
570 1526 681 1569 sicut
708 1528 821 1568 Deus
853 1533 1023 1568 noster:
1051 1540 1141 1568 non
1169 1534 1232 1570 051
1260 1536 1432 1572 sanctus
1453 1537 1611 1586 praeter

230 1617 250 1640 »
286 1608 342 1641 10.
360 1597 501 1642 Nolite
516 1596 687 1655 gloriari
701 1595 887 1655 superbe
899 1630 910 1650 ,
928 1604 970 1638 01
987 1594 1120 1638 1101110
1138 1592 1259 1655 loqui
1273 1596 1451 1652 excelsa,
1469 1614 1610 1659 neque

230 1689 249 1710 »
285 1668 492 1729 procedat
516 1666 863 1727 magniloquium
893 1666 947 1710 de
976 1682 1048 1710 ore
1075 1675 1231 1711 vestro.
1256 1668 1472 1720 Quoniam
1495 1673 1610 1715 Deus

230 1759 250 1782 ))
286 1740 562 1784 scientiarum
584 1738 820 1792 Dominus,
847 1747 890 1781 et
912 1741 1025 1782 Deus
1054 1753 1299 1797 praeparans
1331 1738 1608 1786 adinventio-

228 1829 249 1852 »
284 1826 359 1855 nes
381 1825 492 1853 suas.
522 1812 683 1853 Arcum
713 1808 956 1867 potentium
978 1807 1082 1851 fecit
1110 1807 1332 1852 infirmum
1349 1844 1359 1864 ,
1384 1818 1427 1853 et
1449 1809 1609 1856 infirmi

231 1899 251 1921 »
285 1879 508 1940 praecincti
531 1888 633 1923 sunt
652 1879 827 1922 virtute.
855 1877 976 1922 Pleni
997 1877 1182 1937 panibus
1201 1879 1401 1924 minorati
1418 1890 1519 1925 sunt
1535 1917 1545 1936 ,
1566 1891 1608 1926 ct

231 1970 251 1993 ))
287 1951 520 1995 esurientes
571 1949 834 1993 transierunt
884 1958 1056 1992 terram.
1099 1949 1209 2002 Quia
1249 1949 1401 1995 sterilis
1440 1953 1608 2011 peperit

231 2039 251 2062 »
287 2030 466 2080 septem,
488 2030 531 2063 et
544 2018 680 2063 multa
696 2019 741 2062 111
759 2019 853 2063 filiis
874 2019 1088 2063 infirmata
1103 2029 1179 2064 cst.
1198 2021 1406 2065 Dominus
1424 2023 1607 2066 mortifi-

230 2111 250 2134 1)
287 2101 356 2135 cat
379 2100 421 2134 01
442 2091 656 2147 vivificat,
685 2090 863 2134 deducit
884 2089 939 2134 ad
960 2089 1118 2135 inferos
1136 2125 1146 2145 ,
1183 2101 1225 2135 et
1247 2091 1429 2135 reducit.
1456 2094 1605 2137 Domi-

230 2181 250 2205 ))
286 2178 367 2206 11115
390 2177 598 2221 pauperes
622 2160 723 2204 saleit
741 2197 750 2211 ,
779 2171 820 2204 et
839 2161 974 2217 ditat,
998 2161 1223 2216 humiliat,
1245 2172 1287 2205 et
1308 2161 1479 2207 exaltat.
1508 2166 1606 2208 Sus-

231 2251 252 2274 »
287 2235 388 2277 citat
412 2250 433 2276 a
456 2242 567 2276 terra
590 2247 823 2291 pauperem
840 2267 849 2285 ,
887 2241 929 2275 ct
961 2231 1014 2275 de
1042 2241 1226 2275 stercore
1255 2234 1380 2292 erigit
1402 2233 1599 2294 inopem:

232 2322 251 2345 ))
287 2313 337 2347 ut
358 2302 541 2347 collocet
554 2318 653 2345 cum
671 2318 770 2345 011111
786 2302 1033 2361 potentibus
1048 2301 1221 2361 populi,
1240 2312 1282 2346 et
1296 2302 1440 2347 sedem
1456 2304 1603 2362 gloriae

232 2393 253 2414 ³»
288 2374 583 2420 haeroditatem
603 2374 709 2418 dans
723 2373 780 2417 eis
798 2392 805 2417 ;
823 2372 928 2418 dans
945 2383 1096 2418 votum
1117 2374 1308 2426 voventi,
1324 2384 1366 2418 et
1382 2374 1602 2420 benedixit

280 2476 314 2500 '1
337 2471 409 2510 Regu
431 2481 496 2501 tw.
