1742 2860
432 126 485 153 DE
515 121 711 153 mvrrATss
742 125 831 162 nm,
866 124 989 151 tumn
1022 125 1069 150 xx
1083 126 1148 150 111.
1395 110 1478 148 503

95 207 250 247 smius,
276 199 320 235 et
345 192 542 236 omnium
565 192 697 236 trium
727 191 974 251 linguarum
997 186 1161 250 peritus
1178 225 1188 244 ,
1222 188 1296 249 qui
1320 202 1409 231 11011
1432 202 1481 230 ex

98 278 240 323 graeco
252 298 262 318 ,
299 261 376 307 sed
390 278 440 306 ex
452 263 628 306 hebraeo
644 263 687 306 in
716 261 899 306 latinum
914 261 1137 321 eloquium
1154 258 1325 303 easdem
1343 257 1483 316 Serip-

98 327 216 379 turas
229 335 504 380 converterit.
531 328 615 379 Sed
638 335 729 394 ejus
750 343 837 378 tani
859 332 1097 378 litteratum
1118 331 1310 375 laborem
1336 345 1486 389 quani-

79 407 160 451 ·vis
193 406 335 451 Judaei
369 404 588 450 fateantur
613 421 703 450 esse
733 402 954 459 veracem,
985 404 1266 464 Septuaginta
1293 417 1393 444 vero
1416 401 1485 443 in-

98 486 306 538 terpretes
332 477 378 521 in
412 476 560 521 multis
590 493 751 522 errasse
778 476 1046 521 contendant.
1073 495 1080 519 :
1109 484 1254 518 tamen
1283 472 1486 517 Ecclesiae

98 549 258 596 Christi
275 558 341 594 tot
354 549 583 593 hominum
598 548 859 603 auctoritati,
872 547 927 592 ab
944 547 1150 591 Eleazaro
1165 556 1270 589 tune
1283 544 1486 605 pontifice

100 621 156 665 ad
176 621 259 665 hoe
282 629 453 665 tantuin
476 636 584 680 opus
608 619 871 673 electorum,
908 618 1126 661 neminem
1146 616 1346 677 judicant,
1373 630 1487 673 prze-

99 689 332 735 ferendum
359 710 367 735 ε
393 690 495 751 quia
517 691 595 735 etsi
619 706 707 735 non
726 690 767 733 iu
784 690 841 733 eis
861 705 973 733 unus
994 687 1255 748 apparuisset
1278 685 1459 745 Spiritus
1477 720 1486 738 ,

100 764 190 807 sine
214 762 489 807 dubitatione
508 762 697 817 divinus,
710 761 786 806 sed
798 762 910 806 inter
924 777 967 805 se
980 761 1111 804 verba
1124 756 1491 819 interpretationis

100 849 190 878 suae
227 834 509 893 Septuaginta
537 832 654 878 docti
692 848 813 877 more
846 833 1076 878 hominum
1112 829 1418 879 eontulissent,
1443 837 1492 871 ut

101 904 222 965 quod
254 904 485 965 placuisset
513 904 716 949 omnihus
749 905 833 949 hoe
860 913 1080 957 maneret,
1112 902 1258 946 nullus
1290 901 1347 944 ‹zis
1381 914 1493 943 unus

101 975 313 1035 interpres
333 975 487 1020 debuit
505 975 709 1035 anteponi
729 996 737 1019 :
763 991 862 1019 cuin
881 990 983 1018 vcro
1002 983 1173 1017 tantuin
1188 973 1230 1015 in
1250 972 1306 1014 cir:
1322 971 1494 1029 signum

102 1046 338 1093 divinitatis
361 1047 584 1108 apparuit,
603 1046 798 1107 profecto
816 1047 1009 1107 quisquis
1029 1045 1135 1089 alius
1155 1044 1325 1088 illarum
1348 1042 1493 1101 Scrip-

103 1127 301 1163 turarum
324 1134 373 1162 ex
407 1119 581 1162 hebraea
607 1119 649 1161 in
673 1117 916 1178 quamlibet
934 1116 1268 1174 :iliainliuguani
1285 1114 1496 1173 interpres

102 1198 166 1233 est
179 1205 334 1243 verax,
357 1198 432 1233 aut
449 1189 650 1248 congruit
667 1188 748 1232 illis
770 1188 1051 1247 Septuaginta
1075 1185 1401 1245 interpretibus,
1420 1192 1496 1228 aut

103 1260 137 1305 si
166 1276 407 1320 congruere
429 1277 517 1304 non
539 1259 728 1314 videtur,
746 1259 931 1303 altitudo
951 1259 1009 1302 ibi
1029 1257 1279 1317 prophetica
1296 1272 1384 1299 esse
1399 1271 1494 1299 cre-

103 1331 245 1376 denda
269 1342 347 1376 est.
377 1332 558 1392 Spiritus
581 1332 713 1385 enini,
736 1330 811 1391 qui
841 1330 885 1373 in
922 1329 1146 1388 Prophetis
1175 1337 1266 1371 crat
1282 1364 1292 1374 ,
1318 1326 1495 1387 quando

102 1401 176 1446 illa
198 1401 423 1455 dixerunt,
454 1402 568 1445 idem
593 1402 682 1460 ipse
705 1410 797 1444 erat.
824 1400 951 1443 etiam
981 1400 1026 1442 in
1053 1398 1333 1457 Septuaginta
1366 1397 1466 1441 viris
1484 1433 1493 1451 ,

103 1473 284 1535 quando
303 1473 375 1518 illa
394 1474 663 1533 interpretati
683 1482 784 1517 sunt
808 1492 815 1515 ;
835 1472 906 1532 qui
927 1471 1123 1530 profecto
1151 1470 1407 1514 auctoritate
1430 1469 1498 1512 di-

103 1546 205 1590 vina
223 1555 266 1590 et
287 1544 406 1589 aliud
430 1545 572 1588 dicere
595 1544 762 1603 potuit,
787 1553 992 1604 tanquam
1012 1543 1226 1601 Propheta
1243 1541 1313 1585 ille
1328 1551 1498 1585 utrum-

104 1633 192 1678 que
214 1617 412 1672 dixisset,
438 1616 539 1677 quia
559 1625 795 1676 utrumque
815 1615 931 1659 idem
952 1614 1133 1674 Spiritus
1148 1613 1335 1671 diceret·7
1356 1622 1398 1655 ct
1414 1613 1497 1657 hoe

105 1690 248 1749 ipsum
283 1687 427 1743 aliter,
463 1698 512 1732 ut
536 1688 568 1732 si
593 1704 682 1731 non
701 1686 851 1731 eadem
867 1687 998 1730 verba
1017 1723 1026 1731 .
1046 1686 1161 1729 idem
1184 1695 1326 1729 tanicn
1349 1701 1497 1729 seusus

106 1759 218 1804 bene
229 1758 574 1817 intelligentibus
587 1758 871 1802 dilucesceret
889 1777 898 1813 ς
913 1766 954 1800 et
970 1756 1136 1815 aliquid
1149 1756 1494 1815 przctcrinitlere,

106 1839 150 1874 et
167 1829 332 1890 aliquid
355 1828 543 1884 addere,
570 1837 620 1872 ut
643 1829 772 1872 etiam
790 1827 893 1870 hine
916 1826 1218 1870 ostenderetur
1237 1843 1325 1870 non
1341 1827 1497 1869 hunia-

106 1915 209 1945 nam
232 1899 362 1944 fuisse
382 1899 428 1943 in
449 1898 525 1943 illo
546 1914 674 1957 opere
699 1897 952 1942 servitutem
970 1933 980 1945 ,
998 1912 1131 1956 qutun
1151 1896 1294 1940 verbis
1309 1896 1499 1939 debebat

107 1971 318 2031 interpres
335 2006 345 2025 ,
381 1970 457 2014 sed
484 1969 675 2013 divinam
702 1969 844 2029 potius
868 1977 1124 2028 potestatem
1141 2003 1151 2021 ,
1177 1984 1276 2027 quse
1307 1977 1499 2010 nienteni

109 2042 305 2102 replebat
333 2051 377 2085 et
408 2041 587 2100 regebat
617 2040 879 2100 interpretis.
912 2037 1120 2083 Nonnulli
1154 2049 1300 2082 autem
1330 2037 1500 2081 eodiccs·

110 2130 270 2174 graecos
295 2112 662 2173 interpretationis
688 2111 970 2171 Septuaginta
1002 2127 1051 2154 cx
1074 2110 1257 2153 hebraeis
1276 2109 1500 2153 codicibus

109 2183 405 2229 emendandos
439 2193 649 2244 putarunt
676 2203 683 2227 :
710 2199 789 2226 nce
819 2192 962 2227 tamen
994 2182 1083 2225 ausi
1113 2191 1213 2225 sunt.
1244 2179 1499 2235 detrahere,

109 2254 229 2316 quod
253 2254 426 2299 Hebraei
448 2270 537 2298 11011
559 2253 809 2307 habebant,
835 2262 875 2296 et
914 2252 1192 2311 Septuaginta
1225 2261 1465 2310 posuerunt
1488 2272 1498 2310 3

110 2325 186 2370 sed
201 2325 506 2369 tantummodo
519 2323 782 2369 addiderunt
797 2341 894 2384 qua·
914 2324 956 2366 iu
981 2323 1164 2366 liebrzeis
1177 2323 1369 2377 inventa,
1384 2321 1501 2382 apud

115 2395 397 2456 Septuaginta
420 2411 509 2440 non
532 2404 680 2452 erant,
705 2410 841 2455 caque
862 2394 992 2453 signis
1015 2392 1278 2453 quibusdam
1294 2393 1337 2436 in
1352 2391 1499 2436 stella-

112 2482 210 2512 rum
230 2465 412 2513 modum
435 2466 559 2513 factis
574 2499 586 2522 ‚
618 2466 673 2511 ad
700 2465 840 2526 capita
863 2464 1117 2511 eorumdem
1139 2479 1342 2509 versuum
1370 2472 1499 2510 nota-
