1742 2860
241 156 324 198 144
670 167 703 195 s,
739 162 967 193 Aversa-tm
1000 165 1180 197 Emscom

236 232 432 278 molestia
452 229 693 276 devitetur:
716 230 926 291 quoniam
950 238 1066 274 certo
1083 239 1126 274 et
1143 230 1261 274 omni
1278 229 1408 274 modo
1431 229 1615 275 inviola-

239 303 316 349 bili
334 318 515 348 munere
543 300 877 346 immortalitatis
896 300 1161 357 induentur,
1182 311 1232 346 ut
1256 301 1428 346 nonnisi
1453 300 1611 358 velint,

238 374 521 437 possibilitate
538 409 548 430 ,
566 389 654 417 non
669 372 919 416 necessitate
932 382 1175 417 vescantur.
1194 371 1321 427 Quod
1335 371 1489 432 Angeli
1505 387 1616 433 quo-

238 463 325 508 que
346 444 571 491 visibiliter
591 453 635 487 et
657 442 939 488 tractabiliter
961 453 1215 503 apparentes
1231 479 1242 499 ,
1268 460 1357 488 non
1377 443 1479 504 quia
1499 442 1617 487 indi-

241 517 429 577 gebant,
463 514 538 559 sed
570 514 671 575 quia
708 512 916 557 volebant
948 522 991 557 et
1023 523 1250 573 poterant,
1287 523 1336 558 ut
1365 513 1618 558 hominibus

241 596 533 647 congruerent
553 585 618 630 sui
635 584 858 628 ministerii
876 584 1064 644 quadam
1084 585 1353 629 humanitate
1370 620 1380 640 ‚
1402 584 1614 630 fecerunt.

240 662 390 719 Neque
419 657 532 701 enim
565 656 610 699 in
638 656 938 715 phantasmate
967 654 1154 713 Angelos
1187 654 1323 699 edisse
1351 654 1620 700 credendum

242 739 320 785 est,
346 728 523 790 quando
542 743 612 771 eos
630 726 826 771 homines
843 726 1029 785 hospitio
1053 736 1336 786 susceperunt
1356 729 1366 751 ¹
1389 746 1398 772 2
1423 726 1620 786 quamvis

241 800 391 846 utrum
416 797 572 858 Angeli
595 807 735 842 essent
756 797 1056 855 ignorantibus
1072 832 1083 852 ,
1109 796 1321 842 consimili
1350 797 1474 841 nobis
1503 796 1621 841 indi-

244 870 388 930 gentia
420 868 534 914 vesci
565 867 832 913 viderentur.
868 867 992 911 Unde
1021 877 1084 911 est
1114 866 1234 927 quod
1264 868 1322 912 ait
1353 866 1546 926 Angelus
1575 867 1623 912 in

245 942 359 987 libro
384 940 558 985 Tobiae:
587 958 608 981 «
632 937 856 983 Videbatis
878 954 946 982 me
963 938 1253 994 manducare,
1279 937 1356 982 sed
1370 939 1465 982 visu
1479 946 1622 983 vestro

253 1032 274 1056 «
298 1010 510 1057 videbatis
528 1012 561 1067 ²3
584 1028 602 1050 υ
624 1008 670 1053 id
684 1017 761 1063 est,
783 1028 802 1050 «
829 1008 1088 1054 Necessitate
1103 1007 1324 1052 reficiendi
1346 1008 1553 1067 corporis,
1572 1009 1627 1052 si·-

247 1092 321 1127 cut
335 1098 409 1127 vos
423 1080 559 1125 tacitis
573 1116 583 1136 ‚
608 1095 678 1124 me
697 1080 845 1123 cibum
863 1095 1031 1123 sumere
1053 1079 1286 1139 putabatis.
1307 1097 1326 1120 n
1356 1079 1441 1124 Sed
1460 1079 1494 1124 si
1512 1078 1624 1124 forte

253 1152 428 1212 Angelis
444 1151 562 1196 aliud
572 1150 820 1196 credibilius
837 1151 1053 1210 Disputari
1063 1159 1219 1210 potest:
1234 1160 1349 1194 certe
1362 1149 1467 1194 fides
1478 1151 1626 1194 Chris-

251 1225 363 1269 tiana
385 1223 438 1267 de
456 1224 547 1282 ipso
571 1221 789 1267 Salvatore
814 1237 903 1265 non
927 1220 1120 1276 dubitat,
1142 1220 1263 1281 quod
1285 1221 1414 1267 etiam
1436 1230 1534 1280 post
1555 1236 1627 1265 re-

250 1293 559 1340 surrectionem
579 1328 589 1348 ,
611 1294 701 1353 jam
727 1291 905 1353 quidem
926 1293 970 1335 in
991 1290 1170 1351 spiritali
1197 1307 1351 1347 carne,
1377 1290 1454 1335 sed
1481 1301 1627 1350 tamen

256 1382 373 1420 vera,
391 1365 538 1409 cibum
557 1380 604 1408 ac
618 1373 771 1423 potum
789 1378 889 1407 cum
904 1363 1131 1422 Discipulis
1150 1362 1332 1421 sumpsit
1347 1364 1378 1405 ³.
1397 1364 1495 1407 Non
1512 1362 1628 1406 enim

250 1445 436 1499 potestas
454 1471 465 1491 ‚
486 1434 562 1479 sed
578 1444 740 1493 egestas
758 1432 916 1477 edendi
934 1450 982 1477 ac
999 1432 1179 1477 bibendi
1197 1432 1355 1477 talibus
1373 1433 1627 1492 corporibus

251 1506 486 1551 auferetur.
509 1504 634 1549 Unde
656 1514 699 1548 et
721 1503 926 1563 spiritalia
943 1513 1093 1561 erunt3
1114 1519 1201 1547 non
1219 1503 1319 1564 quia
1341 1519 1521 1564 corpora
1539 1518 1628 1548 esse

251 1576 481 1631 desistent,
507 1574 583 1620 sed
606 1575 707 1635 quia
729 1574 882 1634 spiritu
902 1574 1147 1619 vivificante
1170 1573 1419 1618 subsistent.

256 1722 429 1738 nummum
434 1720 923 1738 wulmmwwmhmmk
928 1720 1064 1736 mmmmm
1069 1720 1205 1737 mm
1210 1719 1631 1737 UMSUWWWWWWW

729 1859 945 1910 CAPUT
973 1861 1171 1909 XXIII.

261 1990 395 2056 Quid
412 1989 770 2055 intellegendmn
786 1992 846 2037 sit
867 1990 926 2037 de
942 2007 1144 2055 corpore
1165 1990 1372 2037 animali
1387 2000 1433 2036 et
1453 1989 1513 2036 de
1529 2007 1634 2037 007²-

308 2080 428 2128 pore
459 2063 698 2127 spirz'tccli;
731 2073 816 2107 (zat
848 2065 932 2121 qui
960 2065 1227 2109 moriuntur
1255 2064 1303 2108 in
1331 2062 1500 2109 Adam
1511 2099 1527 2120 ,
1554 2065 1638 2123 qui

317 2150 429 2179 vero
451 2135 752 2196 vz'vg'ficantur
772 2135 820 2178 in
849 2133 1053 2179 Christo.

312 2261 413 2305 ΝΛΜ
436 2257 547 2303 sicut
560 2273 738 2318 corpora
757 2256 834 2302 ista
848 2293 858 2313 ,
885 2273 983 2319 quae
1005 2256 1171 2303 habent
1195 2257 1382 2303 animam
1397 2258 1631 2316 viventem,

255 2328 452 2375 nondum
482 2329 681 2389 spiritum
715 2328 1031 2384 vivificantem,
1063 2327 1263 2373 animalia
1298 2328 1504 2375 dicuntur
1535 2345 1633 2374 cor-

261 2417 364 2462 pora
383 2421 393 2458 3
419 2415 498 2445 nec
520 2409 665 2444 tamen
688 2399 843 2443 animae
861 2408 988 2455 sunt⁷
1009 2399 1086 2444 sed
1109 2415 1289 2461 corpora
1307 2421 1317 2459 3
1341 2400 1400 2446 ita
1421 2398 1495 2445 illa
1516 2400 1636 2460 spiri-

309 2512 407 2542 ¹Gen.
425 2519 521 2543 xv111.
550 2526 590 2534 -——
618 2516 630 2533 ²
646 2509 723 2543 Tol».
746 2521 803 2553 xu,
833 2521 882 2552 ις).
903 2527 941 2533 --
965 2508 1069 2543 Hanc.
1092 2520 1180 2543 xxm.
