1742 2860
237 105 322 144 346
685 118 718 142 s·
755 115 983 144 AUGUSTffll
1015 116 1193 143 EPIScom

235 182 340 226 tiam
372 181 663 242 suspicemur,
694 180 932 242 praesertim
957 182 1003 225 in
1025 180 1096 226 illa
1121 183 1213 242 jam
1234 190 1384 238 aetate,
1416 192 1459 227 et
1479 184 1525 233 in
1543 183 1616 229 illa

235 253 336 298 fidei
357 253 597 307 sanctitate.
626 257 695 298 An
723 253 865 297 adhuc
892 252 1147 313 procreandi
1180 252 1257 297 filii
1282 253 1612 314 quzerebantur,

234 340 335 369 cum
352 324 442 385 jam
467 328 556 369 Deo
578 325 858 384 promittente
882 334 999 369 tanta
1022 324 1326 384 multiplicatio
1357 325 1544 370 filiorum
1566 342 1617 370 cx

235 398 352 439 Isaac
383 410 460 455 per
485 394 628 438 stellas
658 393 757 438 coeli
778 403 821 438 et
852 409 1025 438 arenam
1055 404 1179 439 terrae
1208 395 1294 439 fide
1318 395 1618 455 probatissima

234 468 479 509 teneretur?
493 465 572 510 Sed
588 464 783 525 profecto
793 465 825 509 si
835 469 946 524 Agar
960 475 1002 509 et
1018 464 1185 520 Isma‘el,
1201 465 1377 510 doctore
1390 469 1422 510 A
1430 464 1613 526 postolo‚

232 536 584 595 significaverunt
600 534 792 580 carnales
809 536 974 581 Veteris
990 536 1266 591 Testamenti,
1288 552 1365 580 cur
1382 552 1471 581 non
1489 536 1618 581 etiam

233 608 425 652 Cethura
448 616 490 650 et
517 606 593 650 filii
618 607 707 667 ejus
729 607 972 666 significent
989 606 1203 662 carnales,
1228 608 1303 667 qui
1324 624 1368 651 se
1389 606 1443 652 ad
1467 611 1617 652 Testa-

232 686 431 721 mentum
451 679 623 722 Novum
649 677 892 722 existimant
914 678 1188 738 pertinere¹P
1210 678 1364 722 Amhae
1385 679 1547 739 quippe
1574 687 1618 723 et

230 763 388 791 uxores
411 747 599 791 Abrahae
613 783 623 802 ,
644 757 687 791 et
706 748 963 793 concubinae
985 758 1087 792 sunt
1103 747 1351 808 appellatae:
1380 751 1502 793 Sarra
1514 765 1617 793 vero

230 833 458 877 nunquam
488 817 604 861 dicta
639 827 702 862 est
723 818 984 863 concubina.
1018 821 1127 863 Nam
1151 828 1195 862 et
1221 818 1397 878 quando
1427 818 1526 863 data
1553 828 1618 864 est

229 890 345 946 Agar
373 887 587 942 Abrahae,
616 887 674 932 ita
702 888 910 948 seriptum
943 897 1029 932 est:
1064 891 1156 932 «Et
1184 888 1471 948 apprehendit
1494 891 1617 935 Sarra

232 976 252 998 >›
279 974 385 1002 uxor
414 957 578 1003 Abram
604 960 719 1017 Agar
742 959 994 1018 AEgyptiam
1015 957 1216 1002 ancillam
1242 974 1388 1015 suam,
1418 969 1516 1019 post
1537 960 1616 1004 de-

232 1048 252 1071 »
279 1045 373 1075 cem
398 1046 533 1074 annos
557 1045 689 1090 quam
711 1029 981 1074 habitaverat
1003 1030 1167 1074 Abram
1186 1029 1232 1074 in
1251 1039 1363 1074 terra
1383 1031 1612 1088 Chanaan,

232 1117 252 1140 »
280 1109 323 1144 et
355 1099 477 1144 dedit
502 1115 596 1144 eam
622 1100 785 1144 Abram
808 1101 901 1145 viro
925 1103 1047 1156 suo²,
1074 1100 1154 1160 ipsi
1181 1116 1374 1145 uxorem.
1399 1118 1419 1142 »
1447 1104 1509 1146 De
1531 1104 1616 1148 Ce-

229 1171 357 1214 thura
373 1180 535 1226 autem,
556 1187 687 1231 quam
700 1181 798 1231 post
815 1171 984 1216 obitum
1005 1174 1139 1216 Sarra]
1153 1172 1317 1231 accepit
1331 1207 1341 1227 ,
1359 1171 1418 1216 sic
1431 1171 1613 1230 legitur:

232 1262 253 1284 «
274 1241 491 1302 Adjiciens
520 1251 665 1286 autem
689 1243 911 1288 Abraham
934 1243 1116 1303 sumpsit
1132 1258 1333 1299 uxorem,
1359 1243 1430 1288 eui
1455 1259 1617 1288 nomen

231 1331 252 1354 ))
279 1314 552 1358 Cottum-21³.»
579 1316 693 1358 Ecce
716 1313 855 1357 ambae
886 1313 1094 1358 dicuntur
1114 1329 1295 1359 uxores:
1326 1314 1465 1358 ambae
1485 1331 1616 1375 porro

231 1401 252 1425 »
278 1382 536 1428 concubinae
549 1382 679 1428 fuisse
697 1384 989 1444 reperiuntur,
1009 1394 1157 1444 postea
1173 1385 1343 1429 dicente
1366 1384 1584 1445 Scriptura
1603 1405 1612 1430 :

232 1473 253 1495 »
284 1454 412 1500 Dedit
451 1464 596 1499 autem
638 1454 861 1499 Abraham
902 1471 1077 1499 omnem
1109 1471 1287 1500 censum
1330 1471 1456 1499 suum
1498 1459 1616 1500 Isaac

231 1543 252 1565 >›
279 1524 368 1569 filio
392 1541 493 1581 suo,
515 1534 559 1570 et
575 1525 672 1569 filiis
685 1526 1032 1570 concubinarum
1054 1542 1229 1570 suarum
1251 1525 1372 1570 dedit
1393 1526 1615 1570 Abraham

231 1613 252 1636 »
279 1594 501 1652 dationes,
547 1605 591 1641 et
631 1595 794 1641 dimisit
822 1612 892 1641 eos
922 1597 976 1641 ab
1011 1600 1128 1641 Isaac
1158 1596 1247 1641 filio
1279 1611 1357 1640 suo
1396 1596 1540 1641 adhuc
1569 1612 1614 1641 se

231 1684 252 1707 »
276 1667 398 1722 vivo,
425 1665 480 1710 ad
497 1667 718 1711 Orientem
739 1701 750 1721 ,
770 1666 816 1710 in
839 1676 998 1710 terram
1015 1667 1243 1711 Orientis4.
1268 1684 1288 1708 »
1315 1666 1490 1713 Habent
1511 1683 1615 1726 ergo

228 1737 441 1781 nonnulla
464 1753 644 1781 munera
668 1736 744 1780 filii
767 1736 1113 1781 concubinarum
1129 1772 1139 1792 ,
1158 1736 1233 1781 sed
1250 1753 1338 1782 non
1355 1737 1616 1797 perveniunt

227 1806 285 1851 ad
306 1823 490 1867 regnum
512 1807 788 1868 promissum,
806 1822 886 1851 nec
909 1807 1117 1863 haeretici,
1133 1823 1213 1851 nec
1228 1807 1370 1852 Judaei
1392 1807 1611 1869 carnales;

227 1878 329 1938 quia
361 1887 519 1938 prseter
550 1882 667 1922 Isaac
704 1877 851 1921 nullus
895 1886 959 1921 est
980 1878 1137 1922 haeres:
1178 1881 1272 1922 «Et
1306 1894 1395 1922 non
1422 1878 1498 1938 qui
1536 1871 1614 1923 filii

230 1967 250 1990 »
277 1949 415 1993 earnis
431 1984 442 2004 ,
468 1949 514 1992 hi
538 1948 614 1992 filii
639 1948 742 2003 Dei,
768 1947 844 1992 sed
866 1946 943 1991 filii
965 1948 1256 2007 promissionis
1279 1947 1546 2008 deputantur
1567 1949 1615 1994 in

229 2037 251 2060 »
276 2019 462 2063 semine⁵
476 2054 486 2074 ,
506 2038 526 2060 ³>
552 2019 606 2063 dc
627 2033 716 2078 quo
734 2017 900 2062 dictum
915 2027 977 2062 est
996 2036 1005 2062 ε
1027 2037 1046 2060 «
1066 2021 1115 2061 In
1140 2020 1256 2062 Isaac
1286 2018 1514 2062 vocabitur
1531 2019 1612 2063 tibi

229 2108 249 2131 »
275 2106 422 2135 semen
437 2091 468 2133 ⁶.
490 2108 509 2131 »
537 2092 687 2149 Neque
712 2089 826 2132 enim
855 2088 980 2132 video
997 2123 1007 2143 ,
1045 2104 1123 2133 cur
1150 2089 1279 2132 etiam
1302 2089 1493 2133 Cethura
1515 2098 1614 2149 post

226 2161 368 2205 uxoris
392 2170 577 2205 mortem
599 2159 751 2214 ducta,
779 2158 860 2202 nisi
882 2168 1058 2219 propter
1079 2159 1162 2202 hoc
1185 2158 1462 2216 mysterium,
1496 2158 1612 2204 dicta

226 2232 280 2276 sit
300 2231 560 2276 concubina.
588 2230 673 2276 Sed
686 2229 879 2290 quisquis
894 2231 986 2274 hacc
999 2246 1087 2274 non
1099 2229 1195 2274 vult
1216 2230 1259 2272 in
1282 2229 1370 2274 istis
1392 2229 1609 2289 significa-

226 2303 417 2348 tionibus
436 2302 646 2362 accipere,
673 2317 763 2346 non
783 2300 1073 2346 calumnietur
1087 2300 1421 2355 Abra11ae.Q11id
1438 2301 1472 2346 si
1493 2301 1610 2346 enim

275 2400 427 2442 ¹Gal.1v,
453 2399 508 2443 24.
527 2416 569 2423 --
596 2401 778 2442 ²Gen.xv1‚
795 2399 825 2431 ὃ.
842 2415 884 2422 -·
908 2396 977 2431 3Id.
999 2410 1074 2441 xxv,
1093 2410 1121 2432 1.
1137 2416 1178 2423 —
1196 2396 1303 2433 41bid.
1320 2398 1354 2441 5,
1375 2398 1409 2432 6.
1426 2415 1468 2422 -
1485 2396 1605 2432 Qum.

226 2469 270 2499 ix,
290 2457 322 2490 8.
344 2475 386 2482 -
406 2455 510 2491 GGen.
531 2468 596 2499 xxi,
614 2465 664 2490 12.
