1742 2860
227 164 313 205 500
653 176 687 203 s.
723 172 953 202 Auccsnm
985 172 1168 201 Enscom

224 246 332 306 ejus,
373 258 507 304 quam
538 242 762 286 contrariis
798 242 912 285 inter
944 257 988 285 se
1025 242 1220 285 rixentur
1248 241 1481 298 erroribus,
1507 256 1615 303 quos

224 316 379 361 merito
402 313 554 359 multae
575 314 792 374 variscque
814 313 1044 372 impietatis
1078 313 1238 373 pariter
1259 313 1464 372 possidet.

283 390 365 432 III.
404 388 461 432 At
488 402 591 431 vero
614 401 716 443 gens
748 384 843 439 illa,
872 383 944 428 ille
977 385 1166 444 populus
1184 419 1194 439 ,
1228 383 1299 427 illa
1331 385 1520 441 Civitas,
1543 384 1616 429 illa

223 457 493 519 respublica,
520 457 581 501 illi
604 455 832 510 Israelitae,
860 455 1020 516 quibus
1038 455 1201 500 credita
1215 465 1316 499 sunt
1326 454 1499 516 eloquia
1518 456 1610 511 Dei,

222 529 347 575 nullo
369 528 502 573 modo
537 526 962 587 pseudo-prophetas
997 542 1098 570 cum
1132 526 1244 570 veris
1278 527 1504 587 Prophetis
1522 526 1616 586 pari

222 600 398 646 licentia
413 598 522 643 conf
522 597 710 642 uderunt
730 616 738 641 :
764 597 840 641 sed
854 595 1089 641 concordes
1105 596 1218 640 inter
1232 612 1274 640 se
1288 605 1419 657 atque
1434 596 1479 640 in
1495 595 1618 641 nullo

223 671 546 725 dissentientes,
574 684 793 713 sacrarum
816 668 1080 712 Litterarum
1110 683 1283 712 veraces
1307 668 1361 712 ab
1384 668 1443 712 eis
1468 683 1619 726 agnos*

224 744 439 790 cebantur
455 751 499 786 et
515 741 781 785 tenebantur
799 749 1011 784 auctores.
1032 740 1118 799 Ipsi
1137 740 1195 784 eis
1214 749 1336 784 erant
1350 738 1614 799 philosophi,

223 817 309 861 hoc
327 823 391 858 est
407 849 417 868 ,
436 821 646 856 amatores
666 810 914 871 sapientiae,
941 810 1022 871 ipsi
1045 810 1279 870 sapientes,
1303 810 1383 870 ipsi
1406 808 1617 868 theologi,

224 887 305 948 ipsi
341 886 567 946 proplictce
582 919 592 939 ,
638 883 718 943 ipsi
757 882 955 927 doctores
998 881 1226 941 probitatis
1263 891 1394 942 atque
1430 882 1616 941 pietatis.

225 959 504 1018 Quicumque
518 955 759 1000 secundum
774 954 869 999 illos
892 954 1033 1015 sapuit
1055 963 1098 998 et
1118 954 1244 1009 vixit,
1266 970 1356 998 non
1378 953 1621 998 seeundum

223 1031 447 1085 homines,
482 1028 557 1073 sed
580 1027 822 1072 secundum
844 1030 984 1071 Deum
1003 1062 1013 1082 ,
1040 1026 1117 1087 qui
1140 1042 1217 1085 per
1235 1042 1307 1070 eos
1328 1025 1501 1070 loeutus
1524 1035 1587 1070 est
1607 1061 1618 1082 ,

225 1102 370 1163 sapuit
393 1110 436 1145 et
457 1101 577 1145 vixit.
607 1099 674 1143 lbi
707 1099 739 1143 si
771 1098 1043 1159 prohibitum
1078 1107 1141 1142 est
1173 1097 1468 1156 sacrilegium,
1509 1100 1623 1141 Deus

225 1171 469 1235 prohibuit.
495 1171 537 1215 Si
563 1169 729 1214 dietum
748 1179 840 1214 est:
872 1188 891 1211 «
913 1172 1090 1212 Honora
1120 1177 1287 1227 patrem
1312 1177 1438 1211 tuum
1466 1177 1508 1211 et
1528 1183 1624 1211 ma-

229 1262 252 1286 »
279 1253 391 1288 trem
414 1243 552 1286 tuam¹
572 1277 582 1297 ,
609 1259 629 1281 »
655 1244 771 1285 Deus
783 1239 924 1300 jussit.
960 1239 1001 1284 Si
1025 1239 1193 1283 dictum
1216 1247 1279 1282 est
1300 1257 1308 1283 ε
1340 1258 1360 1280 «
1381 1241 1479 1283 Non
1510 1253 1625 1282 moe-

229 1331 253 1356 »
279 1311 494 1358 chaberis.
519 1314 617 1356 Non
639 1309 928 1354 homicidium
947 1309 1090 1353 facies.
1120 1311 1217 1353 Non
1237 1307 1477 1352 furaberis²
1501 1328 1509 1353 z
1534 1326 1554 1349 η
1581 1318 1624 1353 et

229 1395 382 1431 caetera
406 1380 684 1442 hujusmodi,
720 1396 811 1424 non
839 1381 934 1424 hsce
972 1396 1047 1423 ora
1082 1381 1298 1435 humana,
1341 1378 1415 1424 sed
1452 1379 1626 1424 oracula

231 1455 377 1500 divina
399 1453 623 1497 fuderunt.
651 1450 879 1510 Quidquid
898 1449 1147 1509 philosophi
1170 1449 1349 1509 quidam
1373 1450 1485 1493 inter
1502 1449 1623 1505 salsa,

230 1542 332 1588 quae
354 1524 518 1585 opinati
542 1531 669 1577 sunt,
703 1536 858 1565 verum
879 1519 1026 1564 videre
1043 1529 1305 1580 potuerunt,
1333 1529 1376 1564 et
1402 1519 1626 1565 laboriosis

232 1594 604 1657 disputationibus
636 1591 898 1653 persuadere
930 1591 1069 1636 moliti
1099 1600 1225 1647 sunt,
1259 1590 1380 1652 quod
1408 1591 1627 1635 mundum

231 1670 365 1714 istum
388 1665 538 1710 fecerit
559 1668 695 1719 Deus,
731 1678 920 1723 cumque
947 1661 1036 1722 ipse
1058 1661 1462 1722 providentissimus
1486 1661 1628 1706 admi-

233 1741 409 1792 nistret,
435 1737 732 1780 dehonestate
751 1734 967 1777 virtutum
985 1769 996 1788 ,
1023 1734 1077 1777 de
1095 1749 1241 1776 amore
1263 1733 1414 1792 patriae
1432 1769 1442 1788 ,
1464 1733 1518 1777 de
1543 1732 1629 1777 fide

235 1809 458 1862 amicitiae,
479 1807 533 1850 de
552 1806 677 1850 bonis
701 1805 905 1864 operibus
926 1814 1056 1865 atque
1074 1804 1277 1848 omnibns
1296 1803 1351 1848 ad
1368 1820 1509 1849 mores
1525 1821 1630 1864 pro-

234 1882 315 1927 bos
352 1877 676 1940 pertinentibus
709 1876 839 1919 rebus
856 1911 866 1931 ,
908 1875 1104 1935 quamvis
1144 1874 1382 1918 nescientes
1407 1874 1462 1918 ad
1499 1890 1631 1935 quem

236 1955 394 2006 finem,
418 1959 461 1994 et
483 1946 820 2010 quonammodo
843 1956 983 1991 essent
1000 1946 1079 1991 ista
1098 1946 1242 1990 omnia
1263 1945 1503 2001 referenda,
1520 1963 1625 2007 pro-

237 2023 437 2087 pheticis,
463 2022 546 2065 hoc
570 2029 647 2075 est,
674 2019 830 2064 divinis
852 2018 1033 2063 vocibus
1050 2054 1060 2074 ,
1087 2018 1282 2079 quamvis
1305 2034 1382 2078 per
1405 2018 1620 2075 homines,

238 2097 285 2141 in
305 2094 379 2139 illa
402 2093 585 2140 Civitate
606 2090 769 2151 populo
787 2089 1088 2135 commendata
1117 2100 1244 2146 sunt,
1270 2106 1359 2135 non
1388 2106 1624 2148 argumen-

238 2165 457 2211 tationum
497 2160 893 2207 concertationibus
935 2159 1150 2204 inculcata
1172 2182 1183 2218 3
1223 2170 1273 2204 ut
1305 2177 1394 2204 non
1435 2160 1624 2205 hominis

241 2235 495 2295 ingenium,
515 2231 592 2277 sed
612 2231 688 2277 Dei
712 2230 935 2290 eloquium
958 2240 1237 2275 contemnere
1260 2229 1528 2287 formidaret,
1555 2231 1631 2291 qui

243 2306 317 2351 illa
330 2313 622 2364 cognosceret.

295 2421 305 2437 ¹
321 2413 421 2447 Exod.
440 2424 496 2456 xz,
520 2421 570 2445 12.
587 2426 629 2435 —-
656 2409 764 2444 21b1d.
789 2409 898 2442 13-15.
