1742 2860
245 167 329 208 446
693 181 726 207 s.
764 178 991 207 AUGUSTINI
1025 180 1205 207 EPISCOPI

240 247 360 290 ribus
388 245 534 290 oleum
567 246 838 305 ponebatur,
876 244 995 305 quod
1030 247 1121 305 ejus
1154 245 1316 290 fruetus
1340 246 1621 289 inventricem

241 318 506 371 Minervam,
533 317 641 360 sicut
677 316 764 359 vini
791 316 995 359 Liberum
1019 317 1213 361 tradunt.
1248 321 1327 360 Per
1349 333 1420 361 eos
1442 332 1576 361 annos
1600 333 1620 361 a

243 404 341 447 rege
362 388 539 432 Xantho
562 387 858 441 Cretensium,
899 388 964 446 cuj
974 404 1020 430 us
1052 387 1169 446 apud
1197 386 1300 431 alios
1324 387 1439 432 aliud
1463 402 1624 431 nomen

241 458 484 502 invenimus
501 493 511 512 ,
538 466 658 516 rapta
680 456 933 516 perhibetur
956 460 1130 516 Europa
1148 493 1157 511 ,
1177 466 1219 500 et
1241 457 1341 500 inde
1356 457 1488 515 geniti
1511 458 1624 501 Rha-

239 528 503 572 damanthus
518 563 528 582 ,
562 527 805 586 Sarpedon,
847 536 890 571 et
913 527 1052 571 Minos
1067 562 1077 582 ,
1114 543 1222 587 quos
1246 528 1379 585 magis
1402 543 1451 570 ex
1473 527 1625 571 eadem

241 599 421 643 muliere
439 598 548 642 filios
570 598 686 641 Jovis
709 613 798 641 esse
810 597 1037 656 vulgatum
1061 608 1138 642 est.
1166 597 1250 642 Sed
1272 597 1423 641 talium
1442 597 1624 642 deorum

241 668 428 713 cultores
450 667 560 712 illud
577 667 695 728 quod
715 667 767 711 de
783 683 879 725 rege
896 668 1166 712 Cretensium
1186 667 1369 711 diximus
1385 703 1395 723 ,
1414 668 1626 712 historicae

240 740 432 797 veritati,
455 740 538 783 hoc
562 748 707 782 autem
729 738 849 799 quod
871 738 924 782 de
938 742 1044 783 Jove
1071 742 1210 798 poeta}
1234 748 1438 794 cantant,
1459 739 1626 782 *theatra

241 818 528 869 concrepant,
563 808 714 869 populi
737 808 980 862 celebrant,
1013 810 1193 852 vanitati
1215 807 1430 867 deputant
1455 807 1627 852 fabula-

242 898 336 926 rum
353 917 364 937 ,
384 890 433 925 ut
450 890 558 925 esset
575 879 692 924 unde
706 880 799 924 ludi
822 881 974 924 fierent
989 879 1208 939 placandis
1227 880 1479 923 numinibus
1497 879 1626 923 etiam

241 953 358 997 salsis
380 968 529 997 eorum
545 952 813 996 criminibus.
840 952 914 995 nis
938 952 1206 1011 >temporibus
1223 950 1427 995 Hercules
1440 951 1485 994 in
1500 951 1627 1008 Tyria

243 1024 381 1069 clarus
402 1023 648 1067 habebatur
686 1042 694 1067 ι
736 1022 811 1066 sed
833 1023 1037 1066 nimirum
1074 1022 1202 1077 alius,
1228 1038 1316 1065 non
1352 1021 1425 1064 ille
1448 1021 1502 1065 de
1539 1037 1628 1081 quo

244 1112 372 1155 supra
384 1095 519 1139 locuti
534 1110 696 1138 sumus.
722 1094 955 1138 Secretiore
975 1094 1135 1153 quippe
1148 1093 1323 1137 historia
1338 1093 1481 1152 plures
1500 1092 1628 1137 fuisse

244 1167 451 1211 dicuntur
473 1175 516 1209 et
538 1165 682 1209 Liberi
712 1175 852 1224 patres
889 1175 931 1208 et
974 1165 1192 1209 Hercules.
1243 1167 1370 1207 Hunc
1392 1180 1493 1207 sane
1518 1167 1628 1207 Her-

245 1238 386 1283 culem
404 1273 415 1292 ,
460 1238 582 1296 cujus
612 1237 802 1294 ingentia
836 1235 1069 1280 duodecim
1102 1235 1213 1279 facta
1236 1244 1491 1290 numerant,
1518 1235 1630 1278 inter

244 1325 343 1370 quae
364 1307 506 1353 Antaei
528 1305 623 1351 Afri
644 1322 795 1351 necem
820 1323 907 1351 non
946 1316 1315 1362 commemorant,
1354 1305 1472 1367 quod
1495 1322 1542 1350 ea
1566 1322 1630 1351 res

246 1380 302 1425 ad
338 1379 521 1423 alterum
567 1377 799 1423 Herculem
822 1378 1036 1437 pertinet,
1061 1379 1105 1421 in
1138 1380 1245 1422 O'e'ta
1268 1387 1415 1422 monte
1433 1394 1455 1421 a
1474 1394 1516 1421 se
1539 1379 1630 1437 ipso

245 1453 472 1496 incensum
493 1447 686 1508 produnt
697 1448 781 1492 suis
799 1447 951 1492 litteris
963 1483 973 1503 ,
992 1464 1093 1492 cum
1107 1464 1155 1492 ea
1168 1449 1351 1503 virtute,
1377 1464 1464 1509 qua
1484 1464 1632 1493 mons—

248 1532 311 1566 tra
329 1521 584 1579 subegerat,
606 1519 809 1563 morbum
835 1529 1002 1574 tamen,
1028 1535 1116 1579 quo
1138 1518 1396 1577 languebat,
1424 1520 1632 1563 sustinere

246 1608 335 1636 non
357 1599 514 1651 posset.
537 1589 618 1633 Illo
641 1598 835 1648 tempore
856 1588 925 1633 vel
944 1605 1015 1632 rex
1032 1624 1042 1643 ,
1068 1588 1136 1633 vel
1157 1589 1297 1648 potius
1324 1599 1530 1647 tyrannus
1552 1593 1634 1633 Bu-

248 1663 340 1707 siris
363 1662 447 1705 suis
470 1659 549 1705 diis
571 1675 669 1703 suos
688 1660 877 1718 hospites
902 1660 1180 1713 immolabat,
1208 1676 1338 1720 quem
1372 1660 1508 1704 filium
1531 1677 1632 1721 per-

247 1735 401 1779 hibent
415 1732 543 1776 fuisse
556 1731 825 1790 Neptuni,ex
838 1740 974 1774 matre
993 1732 1145 1788 Libya,
1162 1731 1246 1775 filia
1266 1732 1451 1791 Epaphi.
1471 1735 1631 1776 Verum

250 1821 339 1849 non
361 1802 562 1848 credatur
589 1803 673 1845 hoc
695 1810 894 1860 stuprum
917 1810 1182 1860 perpetrasse
1212 1805 1459 1860 thtunus,
1487 1818 1541 1846 ne
1575 1803 1632 1847 dii

250 1883 507 1920 accusentur
538 1889 546 1913 ε
574 1871 649 1917 sed
672 1872 808 1931 poetis
851 1880 894 1915 et
916 1872 1091 1915 theatris
1115 1872 1191 1915 ista
1216 1872 1464 1916 tribuantur
1480 1909 1490 1928 ,
1515 1883 1564 1917 ut
1582 1874 1636 1917 sit

250 1944 367 1990 unde
389 1943 632 2003 placentur.
669 1942 943 1986 Erichthonii
978 1942 1087 2000 regis
1120 1943 1472 1997 Atheniensium,
1514 1945 1635 2004 cujus

250 2015 490 2061 novissimis
503 2014 625 2058 annis
639 2016 662 2057 J
667 2030 760 2057 esus
773 2016 891 2058 Nave
905 2022 1100 2057 mortuus
1124 2015 1425 2072 i·eperit.ur,Vu
1435 2014 1581 2059 leanus
1594 2025 1636 2059 ct

252 2083 799 2144 Minervaparentesfuisse
814 2083 1033 2127 dicuntur.
1063 2083 1145 2127 Sed
1171 2085 1375 2144 quoniam
1396 2086 1636 2130 Minervam

253 2157 463 2215 virginem
477 2154 647 2208 volunt,
664 2154 708 2197 in
723 2153 951 2197 amborum
966 2154 1243 2197 contentione
1258 2153 1502 2198 Vulcanum
1517 2171 1636 2200 com—

252 2237 421 2272 motum
445 2224 646 2269 effudisse
669 2225 789 2268 aiunt
822 2240 965 2268 semen
988 2225 1031 2267 in
1056 2234 1212 2267 terram
1227 2261 1236 2279 ,
1265 2235 1394 2285 atque
1423 2226 1523 2270 inde
1556 2227 1636 2271 ho-

253 2297 360 2341 mini
393 2305 495 2339 nato
519 2295 575 2339 ob
601 2310 692 2338 eam
722 2310 895 2338 causam
937 2293 1017 2337 tale
1047 2293 1230 2337 inditum
1269 2311 1444 2339 nomen.
1487 2298 1635 2341 Graeca

254 2357 368 2411 enim
405 2366 552 2423 lingua
577 2379 657 2413 ἕςτις
678 2364 926 2417 contentio,
970 2374 1012 2407 et
1045 2378 1108 2404 ,³:422
1144 2374 1251 2408 terra
1282 2375 1366 2422 est,
1399 2382 1447 2408 ex
1476 2366 1634 2426 quibus

256 2439 428 2482 duobus
450 2437 736 2496 compositum
756 2434 1014 2479 vocabulum
1032 2445 1093 2479 est
1112 2437 1430 2481 Erichthonius.
1453 2440 1631 2493 Verum,

256 2508 376 2569 quod
394 2506 619 2552 fatendum
637 2516 724 2562 est,
761 2505 965 2551 refellunt
997 2516 1039 2550 et
1062 2523 1083 2550 a
1110 2507 1194 2551 suis
1212 2506 1291 2552 diis
1315 2507 1531 2567 repellunt
1556 2509 1634 2554 ista
