1742 2860
212 105 294 142 298
638 118 672 145 s.
708 118 939 148 Aucusnm
972 120 1152 148 Emscom

209 190 332 237 sunt,
358 182 486 227 etiam
510 183 556 227 in
577 184 727 230 insulis
747 201 835 230 esse
852 184 1100 246 potuerint,
1125 185 1159 230 si
1174 195 1367 245 reparata
1384 201 1473 231 non
1490 198 1592 231 sunt

209 252 290 297 nisi
309 269 359 297 ex
380 254 469 311 his,
497 271 685 316 quorum
708 272 865 315 genera
882 257 927 300 in
944 266 1130 318 utroque
1148 272 1255 301 sexu
1271 273 1368 302 area
1389 258 1588 303 servavit.

210 328 393 369 Possunt
420 327 598 386 quidem
628 326 746 373 credi
775 327 831 372 ad
863 328 1023 373 insulas
1045 327 1235 373 natando
1264 328 1484 385 transisse,
1518 328 1595 373 sed

206 396 436 456 proximas.
463 400 571 442 Sunt
588 408 734 443 autem
753 397 956 459 quaedam
971 409 1058 444 tam
1082 398 1211 459 longe
1231 401 1379 460 positae
1407 417 1430 444 a
1450 401 1593 444 eonti-

206 469 411 513 nentibus
440 470 560 513 terris
575 506 585 526 ‚
613 479 662 514 ut
685 466 741 515 ad
761 486 830 515 eas
852 469 973 516 nulla
996 469 1195 517 videatur
1226 482 1374 528 natare
1402 472 1594 532 potuisse

207 536 460 583 bestiarum.
479 538 609 594 Quod
624 540 658 585 si
676 541 873 586 homines
891 558 960 587 eas
982 551 1127 603 captas
1143 558 1290 588 seeum
1308 542 1591 598 advexerunt,

207 618 251 654 et
272 624 324 654 eo
353 609 485 656 modo
506 611 584 655 ubi
617 611 877 659 habitabant
909 628 1058 658 earum
1094 628 1252 673 genera
1284 613 1592 669 instituerunt,

206 680 395 726 venandi
417 681 560 727 studio
583 683 675 727 fieri
692 684 882 744 potuisse
903 683 1159 731 incredibile
1178 701 1266 730 non
1283 694 1347 730 est
1368 703 1377 731 ι
1398 684 1596 746 quamvis

201 752 325 811 jussu
341 752 418 796 Dei
436 752 523 797 sive
540 754 751 814 permissu
767 755 898 801 etiam
916 772 1046 816 opere
1060 755 1328 815 Angelorum
1346 754 1597 815 negandum

207 837 297 867 non
318 822 400 879 sit,
436 825 627 885 potuisse
660 826 899 871 transferri.
930 828 973 874 Si
994 843 1097 872 vero
1125 844 1147 872 e
1169 837 1282 872 terra
1305 837 1464 872 exortae
1496 835 1599 871 sunt

207 893 449 940 seeundum
471 896 684 956 originem
706 899 891 959 primam
907 933 919 955 ‚
944 897 1121 960 quando
1144 897 1253 943 dixit
1273 902 1413 945 Deus:
1442 918 1463 941 «
1488 903 1598 944 Pro-

212 982 232 1006 »
248 963 379 1011 ducat
396 976 509 1013 terra
521 968 711 1014 animam
723 969 866 1015 vivam
881 972 890 994 ¹
909 990 918 1016 ;
941 988 960 1012 ))
979 968 1119 1015 multo
1132 969 1286 1014 elarius
1300 979 1492 1030 apparet,
1510 986 1599 1015 non

208 1045 298 1081 tam
327 1037 671 1098 reparandorum
699 1039 954 1086 animalium
990 1057 1143 1098 eausa,
1175 1056 1305 1103 quam
1347 1038 1598 1101 figuranda-

209 1122 307 1152 rum
328 1109 546 1155 variarum
565 1112 762 1171 gentium
785 1121 963 1173 propter
984 1111 1187 1158 Ecclesiae
1211 1121 1529 1158 sacramentum
1554 1110 1600 1155 in

209 1196 308 1225 area
331 1180 463 1227 fuisse
485 1183 629 1228 omnia
654 1199 836 1244 genera,
864 1183 899 1229 si
924 1184 969 1229 in
1001 1183 1171 1240 insulis,
1198 1200 1285 1246 quo
1310 1183 1489 1229 transire
1510 1199 1600 1229 non

210 1260 406 1310 possent,
432 1252 570 1300 multa
591 1253 793 1301 animalia
814 1263 928 1300 terra
951 1255 1169 1316 produxit.

212 1383 887 1407 wwwssmmmmmmmm⁴
891 1388 1526 1409 WBMNQMNWWWWWQNMNWW
1531 1388 1601 1406 m

714 1525 933 1576 CAPUT
967 1527 1112 1577 VIII.

214 1656 297 1700 An
326 1669 390 1701 ex
412 1655 685 1717 propagine
705 1653 874 1703 Adam
893 1653 972 1701 vel
984 1653 1206 1718 filiorum
1235 1654 1293 1703 N
1292 1660 1355 1700 00⁵¹
1378 1654 1603 1714 quoedam

380 1742 563 1790 genera
585 1726 830 1773 hominum
855 1735 1126 1775 monstrosa
1148 1724 1430 1787 prodierint.

276 1835 311 1878 Ι.
328 1835 567 1888 Qumurua
580 1833 728 1890 etiam,
755 1841 905 1880 utrum
916 1849 967 1878 ex
979 1833 1077 1879 filiis
1089 1835 1199 1890 Noe,
1219 1831 1290 1879 vel
1301 1833 1444 1894 potius
1461 1848 1512 1878 ex
1527 1832 1603 1878 illo

214 1920 305 1950 uno
326 1904 528 1960 homine,
563 1902 681 1949 unde
705 1904 835 1949 etiam
852 1904 932 1965 ipsi
960 1904 1218 1960 extiterunt,
1242 1913 1481 1964 propagata
1513 1919 1603 1948 esse

216 1973 485 2020 eredendum
529 1975 583 2019 sit
619 1975 823 2036 quaedam
858 1985 1103 2021 monstrosa
1134 1975 1367 2019 hominum
1416 1988 1599 2033 genera,

216 2062 315 2106 quw¹
338 2046 534 2104 gentium
562 2054 708 2090 narrat
734 2045 913 2090 historia
940 2064 950 2091 τ
973 2045 1085 2089 sieut
1106 2044 1395 2104 perhibentur
1423 2043 1603 2103 quidam

215 2132 355 2161 unum
378 2115 538 2161 habere
554 2115 733 2161 oculum
751 2116 795 2160 in
813 2115 958 2161 fronte
974 2114 1117 2160 media
1145 2133 1154 2161 :
1185 2113 1450 2175 quibusdam
1482 2113 1604 2173 plan-

216 2198 280 2234 tas
312 2203 454 2233 versas
476 2202 565 2232 esse
602 2195 700 2247 post
731 2202 881 2245 erura3
926 2185 1189 2246 quibusdam
1211 2185 1438 2245 utriusque
1478 2186 1602 2228 sexus

216 2277 306 2306 esse
335 2270 557 2316 naturam,
592 2269 635 2304 et
667 2259 862 2304 dextram
889 2272 1123 2303 mammam
1152 2257 1342 2311 virilem,
1387 2255 1602 2302 sinistram

215 2331 503 2387 muliebrem,
543 2330 796 2391 vicibusque
836 2328 1010 2374 alternis
1047 2327 1247 2373 coeundo
1284 2336 1328 2371 et
1354 2326 1530 2386 gignere
1558 2333 1602 2369 et

217 2417 368 2462 parere
401 2422 411 2448 ε
445 2402 538 2448 aliis
568 2417 644 2448 ora
675 2417 765 2448 non
796 2416 886 2447 esse
909 2436 920 2458 ⁷
956 2415 1114 2462 eosque
1142 2415 1219 2460 per
1251 2414 1374 2445 nares
1409 2406 1601 2443 tantum-

266 2495 274 2512 ¹
297 2492 375 2522 Gen.
394 2499 424 2531 1,
441 2487 495 2531 24.
