1742 2860
231 120 318 163 100
664 133 697 160 s.
735 123 961 162 Aucnsrmi
994 130 1171 163 Emscom

236 221 255 244 n
291 210 334 247 et
355 198 560 262 prsedixi,
586 200 792 261 quoniam
815 198 890 259 qui
910 196 1010 243 talia
1036 206 1197 258 agunt,
1219 209 1401 256 regnum
1424 197 1501 242 Dei
1522 210 1610 244 non

235 289 256 315 »
291 270 609 332 possidelnint¹.
645 288 664 312 >³
701 271 785 314 Iste
808 277 924 314 totus
953 266 1158 329 Epistolae
1184 265 1430 328 apostolieae
1459 265 1606 324 locus,

186 349 205 363 ‘
231 352 447 407 quantum
463 341 518 387 ad
540 356 630 386 rem
646 348 903 400 praesentem
921 339 1019 384 satis
1042 354 1130 384 esse
1146 338 1366 383 videbitur
1381 374 1392 393 ,
1415 337 1613 384 conside-

232 425 349 461 ratus
370 449 379 469 ,
405 412 564 474 poterit
584 413 696 457 lianc
719 410 949 456 dissolvere
972 411 1281 472 quaestionem,
1318 409 1426 471 quid
1458 410 1513 455 sit
1545 425 1613 455 se-

232 484 428 532 eundum
451 498 623 530 carnem
643 483 801 527 vivere.
823 484 875 527 In
897 481 1098 543 operibus
1117 496 1308 542 namque
1324 480 1462 526 earnis
1476 516 1487 537 ,
1512 497 1613 543 quae

231 554 458 601 manifesta
476 570 565 600 esse
582 553 714 609 dixit,
740 567 876 614 eaque
894 561 1229 599 commemorata
1252 551 1499 608 damnavit,
1521 567 1612 597 non

231 627 305 671 illa
322 635 494 671 tantum
510 623 753 669 invenimus
774 659 784 680 ,
810 639 908 684 quse
927 623 981 669 ad
997 623 1265 683 voluptatem
1284 622 1502 684 pertinent
1518 638 1613 668 car-

231 698 323 753 nis,
364 696 489 742 sicuti
522 703 624 739 sunt
660 693 964 739 fornicationes
988 729 998 749 ,
1038 692 1353 749 immunditiae,
1392 691 1574 737 luxuriae
1597 728 1608 749 ,

231 767 460 811 ebrietates
478 801 488 821 ,
514 765 843 810 comessationes
864 785 874 823 3
899 765 1182 809 verumetiam
1203 763 1277 808 1113
1298 763 1459 824 quibus
1481 763 1612 807 animi

231 838 334 883 vitia
358 837 710 882 demonstrantur
736 835 1003 918 &voluptate
1026 836 1163 880 earnis
1186 834 1338 879 aliena.
1369 834 1474 888 Quis
1496 834 1613 878 enim

231 909 482 956 servitutem
505 924 603 970 qua}
630 907 755 953 idolis
784 907 1037 962 exhibetur,
1071 907 1303 962 veneficia,
1338 905 1582 950 inimicitias
1598 940 1610 961 ,

233 981 557 1035 contentiones,
593 978 890 1024 :emulationes
907 1014 916 1031 ,
954 978 1272 1032 animositates,
1299 977 1582 1021 dissensiones
1599 1011 1610 1031 ,

232 1054 414 1098 haereses
432 1087 442 1107 ,
477 1051 686 1108 invidias,
720 1066 810 1095 non
842 1050 986 1110 potius
1008 1048 1223 1108 intelligat
1245 1048 1378 1093 animi
1398 1048 1501 1093 vitia
1525 1063 1615 1092 esse

233 1139 362 1185 quam
381 1122 518 1168 earnis
536 1124 552 1166 Ρ
576 1119 944 1181 Quandoquidem
961 1120 1053 1164 fieri
1070 1128 1212 1180 potest
1229 1155 1238 1173 ,
1260 1128 1309 1163 ut
1326 1127 1503 1178 propter
1518 1117 1615 1162 ido-

233 1195 316 1240 lola
326 1204 332 1238 t
343 1195 446 1238 riam
463 1192 711 1238 velboeresis
725 1192 904 1252 alicujus
919 1206 1106 1236 errorem
1125 1207 1148 1235 a
1164 1189 1464 1250 voluptatibus
1477 1189 1616 1234 earnis

236 1275 500 1328 temperetur
518 1284 525 1310 ;
546 1273 588 1308 et
605 1273 747 1308 tamen
761 1264 889 1307 etiam
904 1272 1009 1307 tune
1023 1263 1154 1307 homo
1169 1297 1178 1316 ,
1203 1261 1399 1322 quamvis
1414 1259 1616 1306 libidines

236 1337 458 1382 continere
481 1345 610 1395 atque
634 1334 837 1378 cohibere
857 1333 1078 1388 videatur,
1105 1332 1344 1377 secundum
1367 1347 1540 1376 carnem
1557 1331 1620 1375 vi-

231 1424 334 1454 vere
350 1409 430 1452 hac
449 1405 682 1467 apostolica
705 1405 960 1449 auctoritate
977 1404 1249 1449 convincitur
1267 1425 1277 1461 3
1298 1413 1341 1448 et
1362 1403 1408 1447 in
1426 1418 1477 1449 eo
1499 1402 1619 1463 quod

236 1479 424 1524 abstinet
454 1494 476 1522 a
507 1476 805 1536 voluptatibus
838 1476 998 1530 earnis,
1026 1474 1289 1519 damnabilia
1317 1490 1447 1534 opera
1480 1474 1619 1519 carnis

237 1565 362 1609 agere
396 1548 732 1593 demonstratur.
769 1546 874 1599 Quis
905 1545 1147 1589 inimicitias
1180 1560 1269 1589 non
1297 1545 1342 1588 in
1372 1545 1515 1590 animo
1537 1545 1619 1588 ha-

236 1620 372 1665 beat?
404 1627 479 1662 aut
500 1618 595 1677 quis
618 1617 676 1660 ita
699 1616 931 1676 loquatur,
967 1625 1017 1660 ut
1046 1616 1221 1659 inimico
1245 1631 1322 1659 suo
1344 1650 1354 1670 ,
1387 1615 1455 1660 vel
1487 1630 1620 1675 quem

237 1698 364 1750 putat
386 1687 624 1741 inimicum,
642 1686 757 1730 dicat
778 1705 786 1731 z
806 1706 825 1728 (1
836 1685 996 1731 Malam
1011 1701 1184 1729 earnem
1205 1721 1215 1740 ,
1232 1704 1249 1726 ³>
1265 1701 1312 1730 ae
1334 1701 1423 1729 11011
1445 1685 1589 1745 potius
1605 1720 1616 1740 ,

243 1759 443 1805 «Malum
467 1758 659 1802 animum
681 1757 814 1801 habes
837 1755 1066 1801 adversum
1082 1758 1181 1800 111οΡ
1207 1775 1226 1797 1)
1254 1760 1475 1801 Postremo
1511 1756 1623 1801 sicut

240 1831 527 1884 carnalitates,
542 1838 592 1872 ut
606 1829 661 1872 ita
688 1829 853 1883 dicam,
873 1829 905 1872 si
921 1828 1017 1888 quis
1031 1828 1244 1882 audisset,
1271 1844 1361 1872 11011
1383 1828 1622 1872 dubitasset

241 1903 359 1950 carni
382 1902 433 1947 tri
443 1902 573 1945 buere
592 1922 602 1958 3
625 1900 683 1945 ita
703 1915 831 1943 nemo
850 1899 1025 1943 dubitat
1044 1899 1332 1943 animositates
1353 1898 1408 1942 ad
1429 1898 1622 1942 animum

241 1975 456 2035 pertinere
476 1992 483 2018 ε
505 1988 582 2017 cur
604 1987 705 2030 ergo
723 1972 816 2015 hsce
835 1971 975 2015 01111113
992 1980 1034 2014 et
1051 1971 1116 2014 liis
1137 1969 1287 2013 similia
1304 2005 1314 2025 ,
1335 1973 1495 2014 Doctor
1518 1985 1623 2028 gen-

243 2046 352 2089 tium
371 2044 414 2086 in
438 2042 524 2086 fide
546 2051 588 2085 ct
604 2041 783 2085 veritate
801 2057 929 2099 opera
951 2041 1089 2084 carnis
1113 2039 1326 2099 appellat,
1352 2040 1431 2084 nisi
1454 2040 1554 2100 quia
1572 2056 1623 2085 eo

244 2113 475 2160 loeutirmis
495 2111 654 2165 modo,
693 2127 781 2170 quo
807 2120 944 2154 totum
972 2110 1239 2168 significatur
1262 2126 1283 2155 3
1306 2119 1455 2170 parte,
1482 2111 1622 2170 ipsum

245 2184 466 2230 hominem
489 2181 583 2227 vult
601 2183 776 2228 nomine
798 2182 935 2226 earnis
960 2180 1137 2242 intelligi
1159 2183 1177 2225 Ξ)

296 2302 304 2319 ¹
320 2294 419 2328 Galat.
434 2304 464 2336 v,
488 2302 601 2336 19-21.
