1742 2860
287 58 370 99 514
721 71 754 97 s.
791 68 1019 97 Accus'ruu
1050 69 1231 96 Emscopt

283 136 439 190 derint,
465 144 717 195 nostrosque
740 133 979 188 faciendos,
1006 133 1038 176 si
1061 142 1174 176 recte
1196 134 1432 192 sapuerint,
1460 149 1590 194 quam
1610 143 1660 178 ut

282 207 427 250 divina
439 206 645 266 praedicta
662 205 715 249 dc
733 205 903 249 Christo
917 219 965 247 ea
978 203 1268 262 proferantur,
1294 220 1394 264 quae
1416 203 1459 248 in
1477 207 1500 248 J
1506 203 1656 248 udaeo-

281 293 378 320 rum
405 277 560 336 scripta
589 285 690 320 sunt
715 274 936 318 codicibus
963 292 972 318 ε
1014 274 1171 334 quibus
1204 273 1360 317 avulsis
1394 273 1449 318 de
1484 273 1659 319 sedibus

279 347 459 407 propriis
476 381 486 401 ,
512 355 554 389 et
575 354 752 405 propter
774 344 857 388 hoc
880 343 1175 388 testimonium
1198 352 1289 388 toto
1313 343 1418 388 orbe
1440 343 1655 404 dispersis,

279 417 436 462 Christi
460 430 772 477 usquequaque
795 414 929 458 crevit
958 412 1164 458 Ecclesia.

285 551 312 566 ss
319 551 385 566 ΜΝ
389 550 491 566 ἱνννὶῒ
495 550 524 565 lx
531 551 543 564 ἱ
547 548 739 564 VWUWQK'QQNW
743 549 810 563 VVB‘W
814 547 1163 563 umxmmwmwimx
1168 547 1303 562 ἱνννῑἊᾹ
1308 547 1659 563 MUSMVUWVUWWUNN

728 681 942 729 (MPFT
987 682 1215 728 XL'Vffl.

277 802 594 865 Prophetiam
638 803 839 864 Aggoei,
876 817 972 861 qua
1014 799 1138 846 dixit
1171 801 1406 861 majorem
1429 799 1657 863 futuram

333 872 539 935 gloriam
559 871 725 916 domus
750 871 865 927 Dei,
883 886 1030 929 quam
1047 870 1445 933 primumfitisset
1462 905 1472 925 ,
1498 871 1659 914 nonin

336 942 705 1004 recedg'ficatione
725 941 908 1005 templi,
931 942 1018 986 secl
1034 943 1081 986 in
1107 940 1337 986 Ecclesia
1360 938 1541 985 Christi
1559 955 1660 984 esse

335 1011 637 1075 completam.

336 1133 435 1174 Hm:
457 1129 612 1173 domus
644 1128 720 1172 Dei
746 1127 919 1188 majoris
955 1137 1018 1172 est
1049 1126 1221 1184 gloriae,
1255 1142 1387 1188 quam
1416 1125 1559 1171 fuerat
1585 1124 1658 1170 illa

275 1201 413 1260 prima
436 1199 563 1258 lignis
585 1207 627 1241 et
649 1197 865 1257 lapidibus
879 1233 889 1253 ,
911 1197 1162 1257 caeterisque
1183 1197 1378 1256 pretiosis
1406 1196 1533 1240 rebus
1561 1211 1655 1239 me-

276 1271 477 1330 tallisque
494 1278 755 1315 constructa.
782 1271 879 1313 Non
901 1269 1047 1328 itaque
1064 1268 1213 1326 Aggaei
1235 1268 1467 1327 prophetia
1485 1268 1529 1311 in
1546 1276 1658 1310 tem-

276 1341 336 1401 pli
361 1340 474 1384 illius
495 1338 807 1383 instauratione
829 1338 1044 1397 completa
1081 1347 1158 1380 est.
1201 1340 1264 1381 Ex
1296 1353 1385 1398 quo
1411 1337 1528 1381 enim
1566 1337 1656 1381 ins-

277 1420 496 1455 tauratum
546 1418 608 1452 est
629 1444 639 1463 ‚
686 1423 912 1467 nunquam
959 1405 1201 1451 ostenditur
1243 1407 1444 1450 habuisse
1491 1415 1657 1451 tantam

278 1480 457 1539 gloriam
483 1515 492 1533 ,
539 1487 747 1538 quantam
798 1477 953 1521 habuit
996 1486 1190 1535 tempore
1239 1476 1476 1521 Salomonis
1518 1497 1527 1521 z
1569 1477 1657 1521 imo

276 1552 420 1612 potius
462 1550 706 1594 ostenditur
742 1549 933 1608 primum
965 1547 1199 1592 cessatione
1240 1548 1483 1607 prophetiae
1526 1548 1657 1593 fuisse

279 1622 434 1665 domus
471 1619 585 1663 illius
623 1618 801 1676 gloriam
837 1618 1121 1673 diminutam,
1158 1617 1316 1662 deinde
1350 1618 1482 1678 ipsius
1519 1618 1657 1676 gentis

277 1691 473 1735 cladibus
505 1689 633 1733 tantis
657 1703 793 1748 usque
816 1687 871 1731 ad
893 1687 1096 1731 ultimum
1120 1686 1337 1731 excidium
1354 1723 1365 1743 ,
1410 1686 1530 1748 quod
1563 1688 1656 1732 fac-

280 1770 374 1804 tum
407 1769 469 1803 est
492 1775 515 1802 a
539 1758 767 1811 Romanis,
804 1757 916 1801 sicut
945 1772 1009 1812 ea,
1041 1773 1140 1816 qum
1170 1772 1298 1815 supra
1336 1766 1437 1800 sunt
1463 1773 1658 1801 comme-

279 1838 459 1884 morata,
477 1837 703 1872 testantur.
723 1830 825 1870 Haec
840 1835 984 1870 autem
1006 1824 1160 1869 domus
1175 1826 1229 1869 ad
1245 1828 1417 1870 Novum
1438 1827 1658 1886 pertinens

280 1904 603 1944 Testamentum
624 1934 634 1952 ‚
671 1906 791 1941 tanto
817 1897 970 1956 utique
1001 1896 1171 1956 majoris
1195 1905 1257 1939 est
1284 1895 1450 1954 gloriae,
1492 1906 1656 1957 quanto

278 1970 474 2015 meliores
497 1978 598 2013 sunt
619 1968 782 2027 lapides
802 1968 885 2012 vivi
904 2003 914 2022 ‚
940 1968 1098 2028 quibus
1122 1966 1399 2011 credentibus
1417 1968 1656 2012 renovatis-

278 2056 364 2101 que
381 2040 660 2084 construitur.
686 2038 769 2082 Sed
787 2037 884 2081 ideo
907 2053 983 2096 per
1004 2036 1360 2080 instaurationem
1376 2036 1525 2096 templi
1543 2036 1657 2081 illius

278 2109 512 2167 significata
538 2118 621 2163 est,
648 2107 748 2168 quia
767 2108 856 2165 ipsa
876 2106 1095 2150 renovatio
1117 2105 1233 2149 illius
1250 2106 1421 2149 aedificii
1444 2106 1657 2165 significat

277 2180 451 2240 eloquio
474 2179 727 2238 prophetico
751 2177 934 2221 alterum
971 2179 1293 2220 Testamentum
1310 2212 1320 2231 ‚
1362 2175 1482 2237 quod
1504 2176 1656 2236 appel-

277 2250 392 2295 latur
414 2252 599 2294 Novum.
617 2248 744 2302 Quod
763 2264 864 2306 ergo
888 2251 1000 2291 Deus
1019 2246 1124 2290 dixit
1145 2262 1221 2306 per
1242 2256 1529 2291 memoratum
1549 2250 1656 2291 Pro-

276 2323 453 2382 phetam
468 2340 475 2364 :
492 2323 579 2364 «Et
596 2319 711 2364 dabo
727 2334 878 2379 pacem
891 2318 935 2361 in
947 2318 1044 2364 loeo
1060 2318 1140 2363 isto
1154 2320 1162 2341 ¹
1182 2337 1190 2363 2
1209 2336 1228 2359 »
1249 2332 1327 2377 per
1341 2317 1654 2376 significantem

328 2413 337 2429 ¹
353 2407 456 2449 Aggaei
473 2417 507 2448 n,
526 2416 578 2439 ιο.
