1742 2860
194 88 276 124 :282
621 99 654 124 5.
691 97 714 123 A
724 99 918 124 eorsum
952 98 1129 124 EP15C01’1

193 174 371 230 mundi,
388 174 526 219 donec
548 185 715 220 certum
739 176 936 220 veniatur
958 175 1155 219 adfinem
1170 210 1180 229 7
1198 175 1257 219 ita
1280 177 1371 236 ejus
1393 177 1570 221 unitatis

194 245 384 307 quadam
407 247 661 306 compagine
683 247 988 302 continemur,
1015 257 1064 291 nt
1086 263 1135 291 ex
1158 247 1241 291 hoc
1259 263 1348 291 uno
1370 248 1574 292 manifes-

199 316 381 373 [issimo‚
407 317 537 361 etiam
555 316 609 361 de
624 317 812 373 caeteris,
843 333 941 377 quae
964 318 1188 362 obscurius
1216 317 1439 378 aliquanto
1460 317 1574 362 dicta

195 398 320 443 sunt,
346 397 389 433 et
420 387 637 433 difficilius
674 388 848 448 agnosci
870 398 1062 450 queunt,
1088 388 1279 433 dubitari
1301 389 1363 433 fas
1392 405 1482 434 non
1504 390 1570 433 sit.

196 461 302 512 Quae
324 474 424 503 cum
440 459 497 503 ita
525 460 630 515 sint,
659 460 693 504 si
716 475 795 504 nee
817 459 1001 504 inaniter
1022 460 1102 504 ista
1124 460 1366 519 conscripta
1387 475 1476 504 esse
1494 475 1578 520 pu-

196 540 284 575 tare
301 531 530 592 quisquam
545 530 613 575 vel
630 531 764 575 durus
779 529 956 576 audebit
971 567 981 587 ,
999 547 1079 575 nee
1098 531 1206 575 nihil
1221 531 1461 590 significare
1476 547 1579 576 enm

198 611 314 661 gesta
335 602 441 657 sint,
467 618 546 646 nee
570 601 659 646 sola
677 602 793 647 dieta
816 618 905 647 esse
919 603 1216 662 significativa,
1233 618 1322 647 non
1345 602 1481 659 facta,
1499 617 1580 647 nec

197 671 334 716 aliena
351 687 439 716 esse
452 672 507 715 ab
520 671 711 717 Ecclesia
724 672 1004 732 significanda
1019 671 1304 733 probabiliter
1318 672 1401 717 dici
1411 682 1553 733 potest
1568 692 1576 717 ε

198 743 274 787 sed
300 742 433 801 magis
453 741 721 788 credendum
749 753 834 799 est,
859 753 903 788 et
924 744 1137 804 sapienter
1155 759 1243 788 esse
1264 744 1485 788 memoriae
1505 742 1582 787 lit-

199 814 388 875 terisque
408 813 635 870 mandata,
661 825 705 859 et
728 825 844 875 gesta
863 831 977 870 esse,
1005 824 1047 859 et
1061 815 1303 872 significare
1325 813 1514 875 aliquid,
1540 823 1584 858 et

198 886 341 946 ipsum
354 885 520 947 aliquid
532 884 588 930 ad
598 885 968 946 praefigurandam
986 885 1221 931 Ecclesiam
1237 886 1468 946 pertinere.
1485 887 1510 930 J
1514 900 1585 929 am

199 973 338 1019 usque
360 957 415 1003 ad
435 958 555 1003 hunc
571 957 802 1004 articulum
824 956 1060 1019 perductus
1088 957 1199 1002 liber
1215 958 1294 1002 iste
1314 956 1586 1002 claudendus

201 1039 279 1086 est,
297 1040 347 1074 nt
368 1030 596 1075 ambarum
618 1030 854 1075 Civitatum
870 1045 1038 1084 cursus,
1056 1039 1235 1074 terrenae
1253 1028 1415 1074 scilieet
1431 1044 1586 1073 seeun-

203 1100 309 1145 dum
325 1101 546 1145 hominem
567 1101 752 1145 viventis
771 1111 814 1145 et
851 1101 1037 1146 eoelestis
1062 1100 1304 1145 seeundum
1318 1103 1473 1155 Deum,
1489 1108 1588 1160 post

203 1170 418 1216 diluvium
447 1181 492 1217 et
508 1170 718 1233 deinceps
732 1172 776 1216 in
789 1171 918 1217 rebus
932 1170 1300 1233 consequentibus
1322 1169 1583 1232 requiratur.
