1742 2860
207 119 311 160 206*
617 131 649 158 s.
687 125 913 157 AIJGUSTINI
947 129 1127 157 Episcopi

202 195 383 257 peceati.
405 197 533 240 Hune
551 196 753 251 renisum,
782 197 892 239 hane
917 196 1263 256 repugnantiam,
1295 196 1408 241 hane
1426 196 1580 242 volun-

204 407 365 454 dientia
378 407 541 468 poenali
564 407 857 451 inobedientia
879 406 1164 467 plecteretur,
1185 409 1229 452 in
1248 408 1443 468 paradiso
1469 423 1585 468 nup-

201 480 275 525 tiae
294 496 384 525 non
399 479 635 535 haberent,
668 478 742 522 sed
764 478 977 524 voluntati
998 480 1194 525 membra
1221 478 1321 535 illa,
1346 488 1397 523 ut
1426 487 1582 524 caetera

202 561 381 608 cuneta,
401 551 622 596 servirent.
639 552 705 594 Ita
719 549 903 610 genitale
921 566 1073 596 arvum
1090 566 1163 595 vas
1175 551 1220 595 in
1241 551 1324 595 1100
1343 566 1451 612 opus
1469 566 1586 596 erea-

202 633 298 670 tum
311 623 554 668 seminaret¹
570 658 580 677 ,
598 630 649 666 ut
664 637 782 668 nune
800 632 958 667 terram
979 638 1148 667 manus.
1169 625 1226 668 Et
1239 621 1361 684 quod
1381 621 1513 667 modo
1531 621 1586 666 de

203 695 347 740 haere
371 692 495 738 nobis
516 690 763 738 volentibus
785 692 1032 753 diligentius
1060 692 1303 753 disputare,
1327 691 1587 738 verecundia

202 765 378 822 resistit,
400 773 442 809 et
459 763 681 824 compellit
701 766 869 810 veniam
892 767 1057 811 honore
1079 763 1261 826 praefato
1276 782 1299 810 a
1319 764 1487 826 pudicis
1504 755 1584 809 au-

201 835 321 881 ribus
342 850 541 895 poscere,
566 850 645 881 eur
666 835 710 881 id
728 837 851 881 ficret
867 835 987 880 nulla
1009 852 1135 881 eausa
1154 844 1263 880 esset
1288 854 1297 882 :
1323 835 1398 880 sed
1420 836 1465 880 in
1488 850 1586 880 om-

201 908 272 952 nia
290 942 300 963 ,
326 922 426 968 quae
444 905 498 950 de
515 906 766 966 hujusmodi
782 907 986 952 membris
1011 923 1183 951 sensum
1206 907 1432 967 cogitantis
1453 906 1587 951 attin-

204 988 376 1039 gerent,
394 979 485 1023 sine
502 977 594 1024 ullo
609 978 762 1023 timore
776 978 1072 1024 obscoenitatis
1085 978 1199 1023 liber
1213 993 1352 1024 sermo
1371 978 1558 1023 ferretur
1574 992 1584 1020 :

203 1066 284 1095 1100
306 1051 395 1110 ipsa
412 1049 545 1094 verba
558 1060 698 1094 essent
711 1086 721 1105 ,
742 1066 840 1111 quae
862 1059 1122 1094 vocarentur
1140 1049 1363 1107 obseoena,
1377 1049 1451 1093 sed
1464 1047 1592 1109 quid-

205 1121 313 1182 quid
342 1120 442 1165 inde
464 1120 703 1176 diceretur,
731 1131 820 1165 tam
843 1122 1074 1166 honestum
1110 1130 1242 1176 esset,
1268 1134 1400 1182 quam
1423 1118 1478 1164 de
1499 1119 1589 1164 aliis

204 1208 306 1238 cum
327 1191 548 1253 loquimur
569 1193 758 1252 eorporis
775 1193 985 1254 partibus.
1004 1193 1208 1252 Quisquis
1230 1207 1331 1250 ergo
1348 1190 1402 1236 ad
1424 1191 1500 1235 has
1517 1189 1591 1234 lit-

206 1272 316 1307 teras
338 1261 584 1323 impudieus
608 1262 794 1318 aceedit,
820 1262 992 1322 eulpam
1010 1262 1220 1320 refugiat,
1248 1277 1336 1306 non
1358 1271 1585 1319 naturam3

203 1331 315 1378 faeta
343 1332 521 1378 denotet
535 1348 623 1375 suae
646 1331 949 1392 turpitudinis,
971 1348 1060 1377 non
1077 1333 1208 1377 verba
1226 1342 1384 1376 nostrae
1402 1330 1588 1375 necessi-

205 1405 326 1461 tatis3
348 1404 391 1446 in
412 1403 571 1464 quibus
593 1403 699 1446 mihi
718 1402 919 1447 facillime
936 1403 1119 1463 pudieus
1143 1412 1186 1448 et
1209 1401 1431 1461 religiosus
1452 1401 1590 1446 lector

203 1473 273 1519 vel
295 1472 466 1517 auditor
482 1473 686 1533 ignoscit,
708 1473 846 1518 donec
865 1473 1165 1517 infidelitatem
1184 1472 1377 1517 refellam
1392 1508 1403 1527 ,
1428 1488 1517 1517 non
1534 1471 1589 1517 de

205 1543 291 1588 side
309 1559 454 1590 rerum
478 1545 822 1604 inexpertarum,
849 1543 923 1587 sed
946 1543 1000 1587 de
1021 1560 1147 1588 seusu
1172 1552 1444 1603 expertarum
1462 1557 1590 1600 argu-

205 1623 489 1658 mentantem.
515 1614 638 1672 Legit
658 1614 771 1657 enim
795 1615 992 1658 haeesine
1010 1614 1274 1668 ofsensione,
1300 1614 1376 1676 qui
1399 1628 1487 1657 non
1511 1628 1589 1656 ex-

206 1687 352 1730 horret
368 1685 627 1746 Apostolum
650 1685 865 1729 horrenda
887 1684 1166 1730 lieminarum
1181 1685 1341 1744 flagitia
1358 1684 1591 1744 reprehen-

207 1756 383 1801 dentem
399 1792 409 1812 ,
435 1773 533 1816 quae
556 1776 575 1798 <c
607 1760 956 1800 Innnutaverunt
978 1756 1219 1800 naturalem
1237 1770 1389 1810 usum,
1423 1755 1465 1798 in
1488 1769 1590 1800 eum

211 1845 230 1868 >›
251 1843 392 1881 usum,
410 1827 485 1886 qui
503 1835 566 1870 est
583 1835 732 1870 contra
751 1828 996 1872 naturam2:
1017 1845 1035 1867 »
1055 1826 1272 1886 preecipue
1290 1825 1390 1886 quia
1408 1839 1486 1868 nos
1500 1840 1589 1869 non

208 1897 501 1943 damnabilem
524 1898 854 1942 obseoenitatem
871 1914 987 1943 nunc
1001 1935 1011 1954 ,
1036 1899 1145 1942 sieut
1161 1897 1255 1953 ille,
1273 1911 1588 1942 commemora-

208 1985 304 2014 mus
333 1979 463 2030 atque
486 1968 866 2029 reprehendimus,
893 1969 966 2014 sed
997 1971 1040 2014 in
1069 1968 1352 2030 explicandis,
1373 1976 1589 2027 quantum

209 2056 455 2100 possumus,
477 2040 680 2083 humanse
698 2042 982 2098 generationis
1004 2041 1230 2086 effectibus
1245 2076 1255 2096 ,
1272 2039 1404 2086 verba
1426 2047 1586 2093 tamen,

210 2112 319 2156 sicut
342 2111 413 2154 ille
430 2146 439 2165 ,
457 2110 662 2155 obseoena
680 2112 879 2157 vitamus.

262 2214 271 2231 ¹
291 2207 375 2250 Yirg.
393 2209 506 2250 Georg.
531 2219 580 2240 111.
608 2225 650 2231 —-
680 2214 691 2231 2
707 2210 798 2241 Rom.
822 2219 852 2249 1,
871 2208 924 2241 ⁴26.
