1742 2860
425 175 478 201 nn
509 173 704 202 (ZIVITATE
736 175 824 214 nm,
859 175 981 202 LIBER
1014 175 1106 201 xvi.
1370 164 1448 202 351

73 259 94 282 «
121 239 221 284 Sine
240 238 393 284 dolo.»
427 241 523 286 Sive
544 249 688 286 autem
706 262 726 284 «
745 242 844 287 Sine
867 240 985 296 dolo,
1010 259 1030 283 »
1055 240 1143 284 sive
1164 260 1183 281 «
1202 239 1408 300 Simplex,
1429 259 1449 284 »

66 311 155 356 sive
168 311 310 371 potius
328 331 347 355 «
362 311 460 356 Sine
482 312 688 356 fictione»
706 311 893 368 dicatur,
918 310 1039 373 quod
1052 318 1115 355 est
1138 325 1276 369 graece
1296 322 1454 359 &mmm

65 382 162 443 quis
192 391 256 426 est
288 382 333 426 in
360 383 440 426 ista
470 383 746 444 percipienda
774 383 1078 428 benedictione
1111 379 1239 426 dolus
1267 382 1454 427 hominis

64 453 155 497 sine
176 451 310 498 dolo?
336 454 440 507 Quis
464 464 527 499 θεῖ
550 454 674 499 (101115
699 455 925 516 simplicis,
953 471 1052 516 quae
1073 454 1192 498 fictio
1214 470 1303 498 non
1327 469 1454 498 men-

64 523 209 568 tientis
225 559 236 580 ,
258 524 339 568 nisi
366 524 637 584 profundum
666 527 923 585 mysterium
945 525 1162 570 veritatis?
1188 528 1285 585 Ipsa
1307 534 1454 569 autem

62 594 309 640 benedictio
336 595 474 656 qualis
497 599 591 641 est?
616 616 637 640 «
657 600 790 652 Ecce,
819 597 964 658 inquit
980 633 990 652 ,
1025 595 1133 642 odor
1154 595 1232 640 filii
1251 595 1337 640 mei
1356 606 1455 640 tan-

64 683 85 707 »
111 681 245 727 quam
266 666 375 712 odor
396 668 485 727 agri
508 667 653 728 pleni,
679 684 811 729 quem
826 667 1048 713 benedixit
1065 667 1291 713 Dominus.
1310 670 1366 713 Et
1379 667 1454 713 det

63 755 84 778 >›
109 736 189 782 tibi
211 740 326 782 Deus
344 737 398 782 de
412 753 509 783 rore
529 738 631 783 coeli
643 775 653 794 ,
671 749 713 784 et
728 738 782 784 de
802 739 1002 784 ubertate
1022 749 1148 784 terrae
1165 775 1175 795 ,
1196 748 1240 783 et
1255 738 1454 784 multitu-

62 826 82 850 »
108 807 257 853 dinem
275 807 484 854 frumenti
512 819 557 855 et
571 810 683 855 vini:
704 819 747 855 ct
774 811 961 855 serviant
982 810 1061 855 tibi
1087 820 1257 870 gentes,
1284 820 1326 855 θῖ
1343 810 1452 856 ado-

61 897 82 921 »
107 884 204 924 rent
233 889 277 925 te
297 880 513 941 principes
529 917 540 937 ,
566 890 609 926 ct
633 882 708 926 flas
730 880 932 926 dominus
959 880 1101 926 fratris
1127 881 1194 927 tui
1227 890 1270 925 et
1294 882 1451 926 adora-

60 968 81 992 »
106 950 221 997 bunt
250 961 294 997 te
324 951 400 996 filii
428 952 562 1013 patris
596 952 675 996 tui.
710 952 796 1006 Qui
823 951 1093 997 maledixerit
1140 961 1206 1007 te,
1240 952 1451 998 maledic-

56 1030 158 1081 tus3
189 1032 233 1068 et
268 1023 345 1085 qui
379 1023 649 1068 benedixerit
690 1033 758 1079 te,
802 1022 1056 1068 benedictus
1077 1024 1106 1066 ¹.
1134 1040 1155 1064 n
1199 1023 1450 1069 Benedictio

53 1092 187 1151 igitur
205 1094 357 1150 Jacob,
383 1093 633 1154 prtedicatio
654 1094 814 1140 Christi
836 1104 900 1138 est
921 1094 966 1138 in
995 1093 1198 1139 omnibus
1226 1095 1446 1153 gentibus.

54 1165 148 1208 Hoc
179 1165 254 1218 fit,
289 1166 372 1209 hoc
399 1165 572 1223 agitur,
604 1165 672 1209 lex
702 1175 745 1210 ct
773 1165 1001 1225 prophetia
1033 1174 1097 1209 est
1128 1168 1246 1209 Isaac
1272 1184 1280 1209 :
1318 1166 1449 1210 ctiam

51 1249 130 1294 per
142 1251 188 1280 05
205 1237 229 1281 J
234 1234 461 1280 udaeorum
484 1235 680 1280 Christus
695 1235 749 1280 ab
771 1235 842 1279 illa
861 1235 1149 1290 benedicitur,
1168 1234 1287 1279 velut
1303 1252 1324 1280 a
1345 1253 1446 1280 nes-

52 1305 217 1362 ciente,
243 1306 345 1367 quia
369 1306 459 1366 ipsa
493 1306 697 1351 nescitur.
735 1306 879 1351 Odore
910 1305 1096 1349 nominis
1133 1306 1314 1361 Christi,
1337 1307 1448 1353 sicut

53 1392 175 1435 ager,
191 1377 383 1422 mundus
408 1375 635 1436 impletur:
658 1377 747 1437 ejus
771 1386 834 1421 cst
854 1376 1101 1420 benedictio
1125 1375 1179 1420 dc
1198 1393 1292 1420 rore
1315 1377 1414 1422 coeli
1432 1415 1442 1433 ,

52 1448 135 1492 hoc
175 1456 266 1503 est,
299 1447 354 1491 dc
389 1447 624 1491 verborum
655 1446 803 1507 pluvia
836 1446 1115 1504 divinorum,
1154 1456 1198 1490 et
1231 1447 1286 1491 dc
1314 1447 1447 1491 uber-

51 1527 139 1562 tate
156 1528 302 1575 terrae,
322 1519 406 1563 hoc
421 1527 506 1574 est,
527 1518 581 1562 de
598 1518 933 1577 congregatione
950 1517 1241 1577 populorum:
1269 1521 1361 1579 ejus
1382 1529 1445 1563 est

50 1589 288 1635 multitudo
302 1589 509 1635 frumenti
524 1599 567 1633 ct
588 1589 677 1633 vini
694 1625 704 1644 ‚
726 1589 813 1633 hoc
837 1598 921 1643 cst,
943 1588 1182 1632 multitudo
1204 1605 1335 1649 quam
1351 1589 1443 1634 col-

50 1657 146 1719 tigit
167 1660 438 1705 frumentum
463 1670 505 1704 ct
532 1661 683 1704 vinum
707 1661 751 1703 in
773 1668 1041 1703 sacramento
1064 1660 1255 1719 corporis
1280 1669 1321 1704 et
1344 1677 1444 1705 san-

52 1731 192 1790 guinis
207 1733 312 1792 ejus.
338 1731 390 1776 Ei
409 1730 603 1775 serviunt
625 1740 773 1789 gentes
790 1766 800 1785 ,
829 1730 970 1789 ipsum
1000 1729 1183 1773 adorant
1207 1731 1437 1791 principes.

51 1804 148 1862 Ipse
167 1812 231 1846 est
247 1802 450 1847 dominus
471 1800 611 1844 fratris
638 1800 701 1844 5111
721 1836 730 1856 ,
751 1800 851 1860 quia
875 1799 1064 1860 populus
1084 1802 1172 1860 ejus
1192 1800 1443 1846 dominatur

50 1873 229 1919 Judaeis.
251 1876 397 1933 Ipsum
412 1871 595 1915 adorant
606 1870 682 1915 filii
696 1870 830 1931 patris
847 1872 953 1930 ejus,
971 1871 1054 1914 hoc
1068 1880 1145 1925 est,
1163 1870 1236 1914 filii
1254 1873 1442 1916 Abrahae

50 1944 289 1988 secundum
308 1944 463 1987 fidem:
485 1942 586 2003 quia
603 1951 644 1985 et
666 1942 756 2001 ipsc
777 1940 891 1984 silius
910 1949 973 1984 est
990 1941 1177 1984 Abrahae
1199 1943 1441 1987 seeundum

49 2030 238 2060 carnem.
266 2018 414 2074 Ipsum
429 2014 504 2074 qui
526 2011 821 2067 maledixerit,
844 2010 1123 2068 maledictus,
1149 2022 1191 2057 et
1209 2014 1284 2074 qui
1303 2013 1440 2059 benc-

49 2085 224 2141 dixerit,
250 2084 506 2129 benedictus
541 2093 618 2127 est.
653 2083 873 2138 Christus,
900 2085 1102 2143 inquam,
1128 2093 1275 2128 noster
1308 2086 1439 2129 etiam

50 2173 101 2201 cx
122 2173 195 2201 ore
218 2156 488 2212 Judaeorum,
512 2155 708 2216 quamvis
730 2155 985 2210 errantium,
1012 2156 1087 2199 sed
1115 2164 1257 2199 tamen
1281 2159 1439 2215 Legem

49 2228 375 2287 Prophetasque
390 2227 658 2271 cantantium
678 2225 964 2281 benedicitur,
991 2225 1128 2280 idest,
1151 2227 1359 2271 veraciter
1377 2227 1440 2271 di-

49 2299 189 2357 citur,
228 2308 271 2343 et
299 2297 406 2342 alius
441 2297 639 2342 benedici
667 2307 872 2357 putatur,
910 2297 984 2359 qui
1017 2297 1070 2341 ab
1102 2298 1160 2342 eis
1194 2299 1437 2343 errantibus

50 2379 314 2430 expectatur.
340 2373 452 2414 Ecce
470 2369 816 2413 benedictionem
835 2369 1089 2428 promissam
1106 2378 1326 2428 repetente
1344 2385 1439 2414 ma-

44 2442 160 2501 jore,
186 2440 429 2500 expavescit
461 2443 602 2495 Isaac,
635 2449 680 2485 et
709 2439 842 2485 alium
875 2456 954 2500 pro
988 2439 1071 2486 alio
1099 2455 1143 2485 sc
1166 2439 1435 2486 benedixisse

99 2538 196 2569 'Gen
220 2548 315 2578 xxvii,
343 2545 458 2578 27-29,
