1742 2860
456 154 511 182 ma
541 149 737 182 σιντ-ητις
768 152 858 192 nm,
892 150 1017 184 namt
1039 151 1132 181 xvt.
1402 141 1488 185 303

100 223 214 267 hanc
227 221 380 266 seriem
393 219 686 281 pertinentem
700 217 839 263 filium
853 217 1086 279 genuisset,
1102 225 1358 278 quantoque
1367 220 1490 267 vixis-

101 303 179 340 set.
208 294 292 340 Ubi
320 302 437 339 certe
464 290 792 352 agnoscendum
819 301 884 336 est
914 289 1036 353 quod
1056 299 1157 335 ante
1178 290 1458 352 promiseram
1475 330 1487 351 ,

100 374 151 410 ut
165 374 369 425 appareat
381 378 516 425 quare
526 362 581 408 sit
594 361 761 408 dictum
772 362 827 407 de
845 361 940 407 filiis
952 361 1123 408 Heber:
1146 363 1352 407 «Nomen
1364 365 1492 410 unius

102 454 125 477 »
150 435 342 483 Phalech
375 435 477 495 quia
507 433 554 478 in
583 432 738 478 diebus
771 434 864 494 ejus
898 432 1033 478 divisa
1060 440 1125 478 est
1152 433 1312 477 terra&
1330 449 1351 474 n
1376 434 1493 488 Quid

99 506 217 550 enim
231 505 351 550 aliud
372 504 708 565 intelligendum
723 514 787 548 est
801 539 811 559 ,
826 512 986 550 terram
1004 519 1093 549 esse
1112 502 1312 560 divisam,
1327 504 1409 550 nisi
1427 504 1493 549 di-

97 577 299 623 versitate
309 576 559 638 linguarum
569 575 749 620 POmisis
762 575 893 636 igitur
906 576 1070 621 caeteris
1083 574 1181 620 filiis
1198 578 1296 620 Sem
1311 575 1367 621 ad
1380 576 1494 622 hanc

104 665 197 692 rem
219 664 310 693 non
330 647 650 708 pertinentibus
667 682 677 702 ,
694 645 756 691 illi
777 656 1102 692 connectuntur
1118 647 1165 691 in
1188 647 1340 692 ordine
1358 663 1495 708 gene-

98 719 317 764 rationum
330 754 341 773 ,
362 734 440 779 per
456 733 566 779 quos
585 718 718 778 possit
736 716 791 761 ad
809 717 1032 762 Abraham
1046 719 1283 779 perveniri:
1306 719 1418 764 sicut
1431 718 1493 765 illi

98 789 475 836 connectebantur
497 799 598 834 ante
620 788 860 844 diluvium,
884 804 963 849 per
978 804 1087 850 quos
1109 789 1410 850 perveniretur
1437 790 1494 836 ad

97 864 190 906 Noe
207 897 217 917 ‚
246 860 599 921 generationibus
625 876 725 920 quac
754 869 1006 920 propagatae
1040 868 1143 906 suut
1167 876 1219 905 ex
1246 859 1322 906 illo
1350 860 1493 906 Adam

97 932 205 988 filio,
221 932 298 993 qui
312 931 554 992 appellatus
572 940 636 975 est
652 931 769 977 Seth.
790 931 857 977 Sic
871 947 974 992 ergo
992 932 1145 993 incipit
1162 933 1493 992 generationum

97 1003 177 1049 ista
201 1003 441 1049 contextio:
469 1005 558 1048 «Et
580 1002 649 1047 hae
670 1002 969 1062 generationes
991 1004 1104 1049 Sem.
1130 1005 1229 1048 Sem
1253 1003 1365 1049 filius
1390 1020 1495 1050 cen-

100 1091 122 1115 »
148 1083 243 1118 turn
260 1089 475 1118 annorum
488 1109 498 1129 ,
516 1088 617 1118 cum
633 1073 784 1132 genuit
800 1074 1022 1133 Arphaxat
1033 1109 1044 1129 ‚
1060 1072 1253 1119 secundo
1268 1090 1383 1120 anno
1395 1084 1494 1135 post

100 1163 122 1187 n
146 1143 379 1191 diluvium,
416 1147 472 1191 Et
493 1144 599 1190 vixit
629 1146 728 1189 Sem
746 1178 757 1199 ,
788 1153 1022 1204 postquam
1052 1145 1203 1204 genuit
1244 1146 1489 1206 Arphaxat‚

101 1234 121 1257 »
146 1217 409 1278 quingentos
431 1231 590 1271 annos,
617 1223 660 1260 et
681 1214 834 1275 genuit
855 1213 965 1260 filios
997 1223 1041 1260 et
1062 1214 1195 1271 filias,
1221 1224 1265 1261 et
1292 1226 1493 1262 mortuus

100 1306 122 1329 »
147 1290 253 1333 est2.
276 1288 343 1334 Sic
365 1288 594 1349 exequitur
615 1295 810 1342 caeteros,
837 1285 986 1332 dicens
1008 1295 1146 1348 quoto
1169 1289 1356 1349 quisque
1377 1304 1492 1334 anno

94 1359 198 1405 vitae
217 1376 306 1405 suae
326 1360 465 1405 filium
483 1359 697 1419 genuerit,
719 1359 775 1404 ad
793 1359 926 1403 istum
945 1360 1276 1418 generationum
1295 1360 1493 1405 ordinem

94 1432 385 1490 pertinentem
402 1468 413 1483 ‚
449 1431 524 1489 qui
555 1430 775 1488 pertendit
807 1429 862 1471 ad
886 1430 1137 1488 Abral1am3
1161 1438 1205 1475 et
1226 1440 1335 1492 quot
1357 1448 1494 1477 annos

94 1501 378 1562 postmodum
390 1500 541 1545 vixerit
557 1536 567 1556 ,
588 1498 794 1544 intimans
808 1514 909 1543 eum
928 1498 1038 1545 filios
1053 1499 1251 1563 filiasque
1270 1504 1489 1564 genuisse:

94 1582 146 1618 ut
176 1571 472 1633 intelligamus
501 1569 621 1615 unde
642 1569 868 1631 potuerint
895 1570 1047 1632 populi
1072 1587 1343 1631 accrescere,
1369 1590 1426 1619 nc
1447 1576 1493 1618 in

93 1644 259 1703 paucis,
278 1644 355 1703 qui
369 1650 770 1687 commemorantur
782 1643 1035 1684 hominibus
1053 1642 1253 1701 occupati
1267 1641 1493 1702 pueriliter

92 1714 368 1769 haesitemus,
393 1711 513 1757 unde
542 1720 663 1757 tanta
689 1711 827 1772 spatia
857 1719 1072 1756 terrarum
1100 1720 1234 1772 atque
1256 1728 1491 1772 regnorum

94 1785 251 1846 repleri
273 1785 497 1846 potuerint
511 1783 565 1829 de
584 1799 740 1843 genere
757 1785 854 1829 Sem
872 1818 882 1839 ‚
900 1783 1085 1828 maxime
1098 1793 1278 1844 propter
1294 1787 1491 1845 Assyrio—

94 1873 194 1903 rum
214 1872 397 1918 regnum
415 1892 425 1913 ,
442 1855 561 1901 unde
578 1856 716 1902 Ninus
730 1854 802 1900 ille
820 1854 1109 1901 Orientalium
1127 1855 1318 1902 domitor
1330 1873 1492 1918 usque-

95 1944 271 1991 quaque
293 1928 562 1990 populorum
579 1926 746 1987 ingenti
768 1927 1052 1987 prosperitate
1070 1927 1288 1985 regnavit,
1310 1935 1352 1971 et
1368 1926 1491 1973 latis-

95 2001 253 2045 simum
273 2015 322 2045 ac
344 1999 697 2044 fundatissimum
712 2013 918 2058 regnum,
936 1996 1057 2060 quod
1072 1998 1283 2044 diuturno
1296 2008 1493 2061 tempore

96 2071 352 2126 duceretur,
378 2069 464 2114 suis
485 2067 665 2129 posteris
687 2070 958 2128 propagavit.

157 2143 215 2185 II.
237 2141 321 2186 Sed
334 2156 412 2185 nos
426 2175 436 2194 ,
454 2154 509 2184 ne
523 2138 687 2183 diutius
700 2154 834 2200 quam
857 2154 967 2198 opus
985 2147 1049 2184 est
1072 2138 1381 2198 immoremur,
1402 2157 1493 2186 non

96 2220 207 2274 quot
229 2227 365 2256 annos
387 2211 573 2272 quisque
587 2211 632 2254 in
649 2210 729 2255 ista
748 2210 1079 2271 generationum
1094 2211 1201 2255 serie
1218 2211 1395 2269 vixerit,
1418 2213 1493 2257 sed

97 2291 234 2345 quoto
257 2297 372 2326 anno
393 2281 495 2325 vitae
521 2297 610 2325 suae
634 2282 833 2341 genuerit
855 2280 992 2326 fllium
1010 2316 1020 2336 ‚
1043 2281 1127 2326 hoc
1150 2281 1303 2326 ordine
1325 2298 1493 2328 memo—

98 2354 287 2398 randum
310 2350 617 2396 tantummodo
635 2351 838 2411 ponimus
853 2388 863 2407 ,
883 2361 934 2397 ut
955 2361 999 2396 et
1017 2367 1250 2396 numerum
1275 2369 1491 2398 annorum

100 2442 123 2470 a
152 2432 369 2469 transacto
400 2422 566 2467 diluvio
601 2439 740 2484 usque
785 2424 840 2468 ad
876 2424 1098 2470 Abraham
1131 2423 1407 2485 colligamus,
1448 2435 1491 2470 et

147 2522 245 2552 ¹Gen.
266 2529 301 2561 x,
321 2518 376 2551 25.
404 2536 445 2542 -
472 2518 603 2561 2Ιι],ιιι,
633 2530 685 2561 ιο,
711 2531 759 2551 ιι.
