1742 2860
269 120 352 161 464
702 136 734 163 s.
772 134 999 174 avers-‘mxx
1033 136 1212 164 Errscort

483 214 519 254 φ
549 200 703 247 Omnia
725 201 976 257 cessabunt,
998 202 1126 250 tellus
1148 203 1366 250 confracta
1390 221 1468 268 pe-

616 273 732 318 ribit.

484 358 520 390 tv<
555 344 621 389 Sic
648 345 803 404 pariter
826 343 966 390 fontes
999 355 1233 403 torrentur,
1258 347 1463 393 flumina-

617 432 702 476 que
722 415 827 474 igni,

478 500 515 531 Μ
549 485 632 531 Sed
666 486 771 531 tuba
797 497 887 532 tum
911 487 1098 533 sonitum
1118 488 1280 533 tristem
1304 487 1473 535 demit·-

614 567 675 603 tet
697 559 752 603 ab
777 559 864 605 alto

478 642 515 678 t:
548 629 680 686 Orbe,
700 645 873 687 gemens
892 630 1058 677 facinus
1075 631 1279 677 miserum
1300 632 1464 677 varios-

612 718 696 763 que
722 700 890 747 labores
916 723 923 748 :

477 785 514 819 ν-Ξ
549 774 892 835 Tartareumque
917 774 1048 821 chaos
1073 774 1332 821 monstrabit
1354 783 1465 822 terra

610 842 849 890 dehiscens.

475 925 511 960 Ξ
544 917 600 959 Et
632 931 777 959 coram
811 915 880 961 hic
910 915 1095 961 Domino
1119 931 1239 975 reges
1261 917 1465 961 sistentur

609 985 663 1031 ad
688 1002 840 1033 imum.

475 1074 512 1106 ’τ
546 1058 728 1103 Recidet
757 1074 779 1103 e
814 1057 933 1105 coelis
966 1058 1163 1120 ignisque
1186 1067 1228 1104 et
1245 1057 1464 1119 sulphuris

610 1131 761 1176 aiunis.

254 1202 388 1247 Iuliis
429 1201 570 1247 latinis
620 1201 815 1246 versibus
854 1201 907 1246 cle
942 1217 1082 1261 graeco
1116 1210 1359 1262 utcumque
1402 1199 1638 1258 translatis,

253 1274 311 1317 ibi
335 1290 422 1318 non
450 1273 592 1334 potuit
614 1272 687 1316 ille
719 1289 865 1319 sensus
892 1287 1143 1328 occurrere,
1169 1273 1246 1333 qui
1270 1273 1318 1317 fit
1340 1287 1438 1317 cum
1460 1271 1638 1328 litterae,

253 1361 352 1406 quse
380 1354 481 1388 sunt
503 1345 547 1388 iu
568 1360 719 1389 eorum
733 1343 964 1403 capitibus,
991 1352 1340 1398 connectuntur,
1367 1343 1444 1387 ubi
1458 1366 1479 1393 γ
1499 1341 1643 1387 littera

251 1415 296 1459 in
334 1431 472 1473 graeeo
495 1415 632 1475 posita
656 1424 741 1471 est,
762 1414 862 1474 quia
892 1430 981 1458 non
998 1423 1238 1473 potuerunt
1259 1414 1391 1458 verba
1432 1412 1564 1457 latina
1579 1412 1644 1457 in-

251 1485 412 1540 veniri,
446 1501 545 1546 quae
580 1485 634 1529 ab
671 1483 823 1530 eadem
857 1483 999 1528 littera
1024 1484 1295 1544 inciperent,
1336 1492 1379 1528 et
1419 1483 1642 1528 sententiae

251 1556 547 1603 convenirent.
571 1554 625 1599 Hi
645 1563 791 1599 autem
804 1562 905 1598 suut
920 1569 1065 1598 versus
1083 1564 1184 1608 tres,
1201 1554 1380 1615 quintus
1392 1562 1435 1600 et
1447 1562 1644 1599 octavus-

251 1627 445 1672 decimus
464 1635 507 1672 et
528 1623 905 1670 nonus-decimus.
930 1624 1129 1685 Denique
1155 1624 1189 1668 si
1211 1625 1374 1670 litteras
1390 1659 1401 1680 ,
1425 1640 1524 1685 quae
1542 1634 1642 1669 suut

250 1699 296 1743 iu
318 1698 515 1758 captibus
539 1695 736 1741 omnium
753 1710 958 1739 versuum
980 1704 1287 1741 connectentes
1301 1731 1311 1750 ‚
1329 1696 1487 1740 horum
1510 1695 1643 1740 trium

252 1787 350 1832 quae
373 1769 542 1829 scriptae
576 1776 678 1811 sunt
712 1782 799 1810 non
836 1765 1052 1824 legamus,
1091 1766 1167 1810 sed
1190 1782 1268 1827 pro
1292 1766 1350 1811 eis
1379 1788 1401 1815 ι·
1428 1765 1639 1822 litteram,

252 1852 461 1902 tanquam
483 1841 529 1885 in
551 1838 712 1883 eisdem
734 1836 839 1881 locis
863 1838 951 1897 ipsa
973 1838 1026 1881 sit
1043 1838 1180 1898 posita
1198 1874 1208 1893 ,
1240 1837 1541 1895 recordemur,
1566 1854 1640 1883 ex-

251 1913 452 1975 primitur
468 1912 513 1955 in
536 1911 732 1972 quinque
755 1908 918 1964 verbis,
944 1911 1066 1953 Jesus
1084 1909 1279 1954 Christus
1292 1910 1369 1954 Dei
1392 1908 1528 1954 Filius
1550 1909 1641 1955 Sal-

251 1994 375 2030 vator
404 2004 416 2030 ·.
440 1981 515 2028 sed
537 1998 636 2027 cum
672 1996 809 2042 graeee
839 1981 922 2026 hoc
954 1979 1136 2036 dicitur,
1162 1996 1251 2025 non
1294 1979 1440 2024 latine.
1462 1983 1519 2025 Et
1539 1989 1640 2026 sunt

251 2070 398 2100 versus
414 2053 567 2111 viginti
589 2061 632 2096 et
647 2061 835 2111 septem,
867 2051 942 2112 qui
970 2066 1176 2095 numerus
1209 2049 1472 2111 quadratum
1494 2059 1640 2096 terna-

251 2127 365 2171 rium
386 2122 574 2169 solidum
596 2120 752 2168 reddit.
793 2122 890 2168 Tria
913 2121 1029 2167 enim
1060 2130 1124 2166 ter
1157 2120 1289 2166 dueta
1318 2121 1432 2165 fiunt
1464 2136 1635 2167 novem.

253 2201 311 2246 Et
326 2197 417 2257 ipsa
441 2209 598 2240 novem
621 2195 652 2238 si
675 2203 740 2240 ter
762 2193 995 2249 ducantur,
1022 2201 1072 2236 ut
1094 2209 1144 2237 cx
1165 2192 1253 2238 lato
1276 2192 1320 2236 in
1346 2191 1481 2237 altum
1501 2194 1639 2251 figura

255 2275 509 2325 consurgat,
545 2264 600 2310 ad
630 2265 965 2326 viginti-septem
999 2265 1273 2324 perveniunt.
1292 2266 1459 2308 Horum
1494 2273 1639 2309 autem

256 2352 493 2398 grsecorum
530 2336 724 2398 quinque
763 2336 997 2380 verborum
1014 2369 1025 2390 ,
1072 2350 1170 2395 quae
1212 2343 1314 2378 sunt
1334 2370 1345 2389 ,
1384 2345 1485 2381 ιητιῡς
1513 2347 1640 2384 κρατὸς

256 2426 330 2452 ssa-2
351 2422 412 2456 ως
439 2422 569 2464 σωκ-ἦρ,
598 2407 717 2470 quod
751 2417 814 2452 est
838 2407 998 2463 latine,
1029 2409 1151 2450 Jesus
1172 2406 1365 2451 Christus
1397 2408 1474 2453 Dei
1506 2407 1638 2452 Filius

259 2484 476 2538 Salvator,
511 2481 545 2526 si
565 2480 726 2541 primas
747 2478 909 2524 litteras
927 2478 1109 2537 jungas,
1140 2476 1220 2522 erit
1245 2487 1353 2533 ικᾱὺς,
1386 2477 1527 2533 idest,
1552 2478 1639 2538 pis„
