1742 2860
231 113 320 157 420
681 121 716 150 5.
751 114 982 148 AUGUSTINI
1014 117 1196 146 EPISCOPI

230 190 374 239 monis
395 224 408 249 ,
446 188 588 250 passio
628 187 789 236 Christi
833 185 1099 246 apertissime
1138 182 1442 245 prophetatur.
1489 182 1619 243 Impii

230 264 395 326 quippe
416 260 713 306 interlectores
732 262 769 320 ej
778 274 825 302 us
839 264 1237 302 commemorantur
1254 253 1468 299 dicentes:
1491 277 1508 296 «
1521 253 1619 300 Cir-

234 355 258 380 »
283 333 610 381 cumveniamus
629 331 798 392 justum
814 363 825 384 ⁷
861 327 1070 390 quoniam
1093 326 1281 371 insuavis
1304 334 1368 370 est
1389 324 1513 370 nohis
1529 359 1541 380 ,
1578 333 1622 370 et

236 428 256 450 >1
281 403 523 452 contrarius
542 410 605 446 est
629 400 833 460 operibus
856 399 1028 454 nostris,
1043 407 1086 441 et
1102 397 1367 457 improperat
1381 395 1506 441 nobis
1524 410 1624 456 pec-

237 502 257 522 »
283 486 378 522 cata
406 474 512 534 legis
529 509 539 529 ‚
561 481 605 516 et
628 470 809 515 infamat
830 470 876 515 in
888 486 966 515 nos
988 478 1163 530 peccata
1187 467 1425 529 disciplinae
1442 475 1618 512 nostrae.

236 567 258 592 »
284 545 504 592 Promittit
532 543 752 588 seientiam
775 541 853 586 Dei
875 557 918 586 50
940 540 1126 595 habere,
1153 548 1195 584 et
1213 539 1351 584 filium
1374 538 1451 583 Dei
1474 554 1517 583 se
1540 552 1623 581 no-

236 638 260 662 »
284 619 435 663 minat.
470 619 628 660 Factus
650 623 714 658 cst
736 612 861 657 nobis
889 612 934 656 in
958 610 1278 656 traductionem
1311 609 1625 668 cogitationum

237 709 261 733 >›
286 698 548 736 nostrarum.
575 684 726 731 Gravis
745 694 809 729 est
827 683 954 728 nobis
977 682 1107 727 etiam
1141 680 1197 726 ad
1221 680 1476 736 videndum,
1511 695 1625 742 quo-

241 781 262 804 »
290 760 407 806 niam
439 756 655 803 dissimilis
694 764 757 800 est
790 754 881 800 aliis
908 754 997 799 vita
1030 752 1169 808 illius,
1201 762 1244 797 et
1270 752 1514 796 immutatae
1545 751 1626 796 viae

237 850 261 876 >›
286 833 394 894 ejus.
422 833 648 890 Tanquam
667 841 856 886 nugaces
878 824 1077 870 aestimati
1095 839 1243 870 sumus
1261 821 1432 879 abillo,
1457 831 1501 869 et
1525 822 1628 867 abs-

241 923 263 946 n
287 904 398 948 tinet
414 917 458 946 se
475 917 500 947 a
520 899 599 944 viis
621 898 778 943 nostris
801 897 924 958 quasi
945 895 999 942 ab
1017 894 1303 941 immunditiis
1322 914 1331 941 ;
1354 892 1531 955 praefert
1543 909 1626 939 no·-

239 998 259 1020 >›
283 975 457 1021 vissima
472 974 691 1034 justorum
706 1006 717 1026 ‚
743 978 787 1014 et
804 968 1012 1029 gloriatur
1024 976 1193 1028 patrem
1214 969 1355 1012 Deum
1377 982 1421 1011 se
1447 965 1624 1010 habere.

238 1071 260 1093 >i
283 1046 520 1093 Videamus
544 1058 647 1104 ergo
670 1042 705 1086 si
722 1056 938 1087 sermones
952 1040 1067 1084 illius
1084 1038 1174 1084 veri
1192 1047 1319 1094 sunt,
1345 1046 1388 1082 et
1411 1047 1629 1082 tentemus

244 1136 263 1157 n
289 1133 389 1179 quae
412 1124 597 1162 ventura
614 1121 716 1158 sunt
732 1111 794 1156 illi
811 1147 822 1168 ,
855 1120 899 1156 et
920 1110 1102 1155 sciemus
1119 1125 1219 1170 quae
1248 1117 1375 1177 erunt
1399 1108 1631 1154 novissima

246 1209 266 1230 >›
292 1191 400 1250 ejus.
431 1187 475 1232 Si
497 1185 614 1231 enim
631 1186 775 1245 justus
799 1192 862 1227 est
892 1182 1005 1227 filius
1033 1181 1134 1237 Dei,
1165 1181 1368 1241 suscipiet
1396 1179 1521 1224 11111111
1539 1215 1550 1236 ‚
1589 1189 1633 1226 et

244 1281 267 1304 »
294 1258 500 1306 liberabit
528 1272 629 1301 eum
662 1255 716 1299 de
748 1270 884 1298 manu
915 1252 1246 1298 contrariorum.
1282 1250 1557 1296 Contumelia
1589 1260 1632 1296 et

244 1353 263 1373 ι)
293 1339 510 1375 tormento
532 1329 847 1385 interrogemus
875 1325 1024 1380 illum,
1050 1334 1100 1368 ut
1133 1324 1316 1368 sciamus
1346 1323 1632 1369 reverentiam

244 1422 263 1442 ²>
290 1402 430 1457 illius,
452 1409 496 1444 et
514 1399 750 1459 prohemus
772 1396 1026 1458 patientiam
1048 1396 1196 1456 ipsius.
1223 1398 1364 1440 Morte
1388 1394 1633 1455 turpissima

244 1497 264 1518 >›
291 1472 632 1518 condemnemus
655 1469 806 1515 illum:
832 1468 913 1512 crit
935 1466 1050 1511 enim
1079 1467 1118 1511 ei
1142 1475 1362 1526 respectus
1385 1481 1436 1510 ex
1465 1481 1634 1511 sermo-

245 1564 264 1586 »
291 1544 421 1589 nibus
434 1541 566 1586 illius.
588 1543 693 1585 Haee
706 1539 1024 1599 cogitaverunt,
1041 1547 1085 1582 et
1102 1545 1383 1582 erraverunt:
1405 1536 1636 1582 excaecavit

245 1639 267 1662 η
292 1616 408 1660 enim
444 1613 541 1658 illos
578 1612 741 1657 malitia
770 1612 999 1672 ipsorum¹.
1020 1635 1039 1655 »
1071 1613 1123 1654 In
1156 1609 1458 1654 Ecclesiastico
1486 1618 1635 1654 autem

245 1686 353 1732 fides
364 1685 557 1744 gentium
570 1683 716 1728 futura
726 1682 976 1743 praedicitur
989 1680 1211 1726 istomodo
1225 1700 1233 1726 :
1251 1706 1266 1726 (ι
1273 1680 1474 1726 Miserere
1483 1679 1633 1736 nostri,

251 1780 270 1802 u
297 1756 546 1801 dominator
574 1756 688 1797 Deus
723 1755 942 1806 oninium,
977 1763 1020 1797 et
1052 1752 1238 1796 immitte
1272 1752 1474 1796 timorem
1511 1761 1638 1796 tuum

254 1854 274 1876 >›
301 1843 431 1888 super
454 1841 603 1871 omnes
623 1834 770 1884 gentes
798 1843 806 1870 z
832 1823 989 1867 extolle
1007 1838 1187 1867 manum
1203 1832 1323 1867 tuam
1343 1839 1472 1883 super
1491 1833 1637 1883 gentes

249 1926 270 1948 n
296 1898 480 1954 alienas,
513 1907 555 1941 et
580 1894 759 1941 videant
787 1894 1029 1955 potentiam
1063 1902 1199 1938 tuam.
1235 1893 1354 1939 Sicut
1382 1909 1527 1938 coram
1555 1892 1638 1938 illis

250 1989 273 2013 »
301 1969 593 2015 sanctificatus
614 1983 656 2010 05
673 1967 718 2010 111
732 1966 873 2021 nobis⁷
893 1966 952 2010 ita
972 1980 1118 2010 coram
1141 1964 1266 2009 nobis
1290 1965 1576 2025 magnificeris
1594 1965 1640 2010 in

250 2061 272 2085 >›
298 2041 407 2097 illis,
436 2050 479 2084 et
501 2048 738 2098 agnoscant
764 2048 802 2083 te
825 2037 1065 2083 secundum
1093 2036 1213 2098 quod
1228 2046 1271 2081 ct
1293 2053 1370 2081 nos
1387 2037 1640 2094 agnovimus

250 2139 270 2160 »
296 2122 338 2159 te
356 2149 366 2169 ⁷
399 2112 502 2173 quia
519 2127 608 2155 11011
630 2120 692 2154 est
714 2114 828 2154 Deus
863 2119 1018 2170 prsetcr
1040 2119 1098 2160 te„
1130 2109 1349 2153 Domine2.
1371 2126 1389 2147 >›
1412 2112 1534 2154 Hanc
1559 2124 1640 2169 op·-

248 2184 373 2230 'tandi
401 2193 443 2227 et
461 2181 666 2243 precandi
690 2182 830 2242 specie
854 2181 1127 2241 prophetiam
1148 2197 1225 2240 per
1248 2184 1396 2225 Jesum
1418 2180 1641 2227 Christum

249 2257 447 2301 videmus
463 2254 702 2314 impletam.
728 2253 811 2297 Sed
834 2252 1036 2297 adversus
1060 2251 1399 2297 contradictores
1418 2269 1507 2296 non
1522 2261 1640 2296 tanta

252 2326 456 2371 firmitate
489 2323 800 2384 proteruntur,
837 2339 935 2383 qua*
966 2323 1121 2383 scripta
1158 2340 1248 2369 non
1277 2333 1378 2368 sunt
1407 2323 1452 2367 in
1476 2338 1642 2368 canone

252 2400 274 2440 J
283 2396 521 2440 utheorum.

311 2498 319 2514 ¹
336 2493 458 2534 Sap.n,
488 2502 604 2527 19:21-
627 2508 668 2518 ·-
695 2490 816 2527 ?Eccli.
834 2490 943 2533 xxxvi,
971 2490 1063 2525 1-15.
