1742 2860
238 83 255 118 1
265 80 320 118 70
637 90 670 119 s.
708 91 936 121 Aeeusrim
971 93 1149 122 EmsCOPI

235 172 324 201 esse
347 157 391 201 in
421 157 559 213 bono,
587 172 776 203 amorem
803 159 847 203 in
870 160 1000 204 malo.
1032 160 1099 204 Sic
1123 169 1268 204 autem
1285 175 1364 204 nee
1379 159 1491 220 ipsos
1513 173 1612 206 auc-

234 235 347 271 tores
369 226 641 272 saeeularium
664 228 906 273 litterarum
919 229 1086 274 locutos
1109 243 1213 285 esse,
1234 230 1516 275 certissimum
1530 239 1608 276 est.

236 294 320 343 Sed
351 297 540 343 viderint
569 299 816 360 philosophi
850 309 998 344 utrum
1024 300 1093 346 vel
1121 317 1207 362 qua
1235 301 1400 347 ratione
1421 301 1500 346 ista
1523 301 1613 346 dis-

232 378 428 413 cernant.
454 373 658 414 Amorem
680 379 825 415 tamen
843 386 914 416 eos
936 370 981 415 in
1005 371 1130 416 honis
1150 371 1279 416 rebus
1300 381 1344 416 et
1357 387 1455 431 erga
1471 371 1614 432 ipsum

237 442 376 484 Deum
421 441 780 501 magnipendere,
813 440 913 486 libri
941 458 1091 487 eorum
1122 443 1222 488 satis
1248 442 1506 504 loquuntur.
1529 441 1615 488 Sed

237 510 474 570 Scripturas
494 511 709 571 religionis
733 521 912 569 nostrae,
928 530 1114 574 quarum
1132 514 1434 559 auctoritatem
1451 513 1614 559 caeteris

234 581 483 643 quibusque
504 581 656 627 litteris
669 584 973 643 anteponimus
988 621 997 639 ,
1014 600 1103 629 non
1117 584 1235 629 aliud
1249 585 1390 629 dicere
1404 599 1611 639 amorem,

235 653 355 698 aliud
372 653 647 697 dilectionem
671 652 740 697 vel
762 654 1032 710 charitatem⁷
1049 655 1360 699 insinuandum
1382 653 1480 699 fuit.
1505 656 1615 700 Nam

234 733 277 768 et
303 738 492 768 amorem
515 722 692 768 inbono
705 723 911 784 diei,jam
929 724 1210 770 ostendimus.
1234 725 1319 771 Sed
1332 741 1386 769 ne
1399 725 1495 785 quis
1512 724 1617 769 exis-

234 793 358 838 timet
380 809 570 838 amorem
594 793 771 854 quidem
794 803 837 838 et
858 794 903 838 in
924 795 1040 839 bono
1059 804 1101 839 et
1118 796 1163 840 in
1184 795 1298 840 malo
1311 831 1320 849 ,
1339 794 1615 839 dilectionem

234 873 379 908 autem
413 863 586 908 nonnisi
620 864 665 907 in
711 863 829 909 hono
863 880 951 908 esse
986 863 1239 921 dicendam,
1268 864 1380 909 illud
1421 863 1618 909 attendat

233 932 353 996 quod
374 934 419 978 in
442 933 613 979 Psalmo
636 934 845 994 seriptum
868 943 930 979 est
950 954 958 980 :
981 953 1000 976 «
1024 935 1110 988 Qui
1127 945 1272 979 autem
1290 933 1432 994 diligit
1452 933 1616 994 iniqui-

236 1024 256 1046 n
283 1014 437 1060 tatem,
483 1004 574 1050 odit
597 1006 786 1050 animam
807 1009 975 1050 suam¹.
1009 1024 1028 1048 )›
1064 1008 1120 1051 Et
1141 1004 1253 1051 illud
1280 1003 1462 1065 apostoli
1480 1007 1617 1050 Joan·

233 1075 298 1120 nis
325 1095 334 1121 2
365 1094 384 1118 t(
410 1076 454 1122 Si
479 1076 575 1137 quis
603 1075 801 1122 dilexerit
826 1074 1065 1132 mundum,
1090 1093 1178 1122 non
1201 1085 1264 1121 est
1286 1074 1462 1121 dileetio
1481 1075 1618 1121 Patris

237 1166 257 1189 1)
284 1147 329 1191 in
351 1163 402 1192 eo
416 1148 448 1192 ².
473 1167 492 1189 n
519 1149 630 1193 Eece
651 1164 739 1192 uno
761 1147 858 1193 loeo
882 1147 1056 1194 dileetio
1079 1158 1122 1193 et
1143 1149 1324 1195 inbono
1347 1157 1390 1193 et
1416 1148 1462 1192 in
1484 1145 1614 1192 malo.

234 1220 439 1263 Amorem
459 1227 603 1263 autem
628 1218 674 1263 in
695 1216 811 1263 malo
828 1254 839 1274 ‚
859 1218 991 1279 (quia
1008 1219 1053 1262 in
1066 1218 1183 1264 bono
1195 1220 1285 1280 jam
1300 1217 1619 1275 ostendimus‚)

237 1305 292 1333 ne
321 1290 551 1351 quisquam
575 1290 766 1350 flagitet,
791 1289 907 1349 legat
929 1288 1050 1350 quod
1071 1290 1280 1350 seriptum
1303 1299 1366 1335 est
1393 1309 1400 1335 ι
1432 1308 1452 1332 ι(
1476 1290 1620 1334 Erunt

239 1377 260 1401 »
286 1360 402 1404 enim
430 1359 627 1404 homines
652 1375 695 1405 se
718 1361 830 1420 ipsos
851 1369 1065 1415 amantes,
1093 1369 1300 1406 amatores
1317 1359 1515 1420 peeuniae
1534 1359 1565 1403 ³.
1594 1374 1614 1400 5)

235 1433 369 1476 Recta
387 1432 533 1492 itaque
556 1430 756 1477 voluntas
780 1441 842 1476 est
865 1431 1006 1476 bonus
1037 1448 1180 1488 amor⁷
1216 1440 1258 1476 et
1287 1431 1487 1476 voluntas
1517 1446 1619 1492 per-

234 1518 355 1548 versa
373 1502 512 1548 malus
527 1519 661 1548 amor.
679 1507 813 1548 Amor
824 1520 925 1562 ergo
940 1503 1108 1549 inhians
1121 1503 1283 1548 hahere
1296 1501 1416 1564 quod
1432 1511 1616 1558 amatur,

235 1572 448 1633 cupiditas
471 1584 536 1618 est
557 1596 567 1631 3
592 1574 637 1618 id
658 1573 981 1619 autemhabens
1005 1590 1143 1634 eoque
1165 1572 1312 1619 fruens
1331 1609 1340 1629 ‚
1357 1573 1507 1618 laetitia
1530 1582 1617 1617 est:

235 1643 406 1703 fugiens
429 1643 549 1706 quod
571 1646 608 1689 ei
631 1645 904 1700 adversatur,
930 1645 1059 1690 timor
1082 1654 1173 1702 est·7
1203 1644 1336 1705 idque
1358 1645 1392 1689 si
1414 1643 1619 1689 acciderit

236 1714 445 1770 sentiens,
472 1715 642 1761 tristitia
664 1726 741 1761 est.
769 1714 956 1761 Proinde
972 1715 1084 1760 mala
1104 1725 1206 1760 sunt
1224 1718 1326 1770 ista,
1352 1715 1385 1760 si
1403 1714 1541 1760 malus
1559 1723 1622 1759 est

237 1802 384 1844 amor3
409 1785 552 1841 hona,
581 1786 612 1831 si
636 1786 792 1831 honus.
817 1785 945 1839 Quod
965 1784 1172 1841 dicimus,
1194 1784 1248 1831 de
1273 1785 1503 1846 Scripturis
1519 1800 1621 1845 pro-

235 1856 404 1901 bemus.
423 1857 702 1916 Concupiscit
714 1855 946 1917 Apostolus
961 1854 1149 1913 dissolvi,
1163 1865 1207 1901 et
1220 1871 1308 1901 esse
1318 1870 1418 1900 cum
1430 1855 1617 1900 Christo.

233 1927 291 1972 Et
307 1963 317 1983 ,
348 1948 366 1969 «
388 1927 649 1988 Concupivit
668 1927 810 1973 anima
824 1942 918 1972 mea
939 1926 1183 1972 desiderare
1195 1924 1344 1988 judica
1363 1935 1436 1971 tua
1451 1926 1466 1952 ⁴
1486 1944 1494 1970 :
1515 1943 1534 1966 n
1551 1924 1621 1970 vel

236 1997 270 2042 si
290 1995 658 2043 accommodatius
669 1995 848 2043 dieitur:
867 1995 1165 2041 «Desideravit
1183 1997 1323 2040 anima
1340 2011 1436 2039 inea
1454 2011 1620 2040 eoncu-

240 2085 260 2108 »
286 2067 449 2127 piseere
477 2066 641 2127 judicia
677 2077 750 2112 tna
767 2069 796 2110 ⁵.
831 2085 850 2107 »
878 2070 954 2122 Et,
980 2066 1374 2126 «Concupiscentia
1397 2065 1618 2125 sapientia}

239 2156 259 2178 »
284 2137 484 2198 perducit
511 2137 850 2197 ad1·0g1m111.0.»
884 2138 976 2182 lloe
1009 2146 1154 2181 tamen
1186 2134 1395 2197 loquendi
1429 2134 1620 2183 obtinuit

235 2207 529 2263 consuetudo,
561 2217 610 2252 ut
642 2206 675 2252 si
701 2206 914 2266 cupiditas
942 2206 1012 2251 vel
1040 2206 1388 2266 concupiscentia
1420 2206 1616 2259 dicatur,

236 2295 316 2325 nec
339 2277 522 2328 addatur
555 2280 677 2340 cujus
707 2278 765 2322 rei
787 2277 864 2334 sit,
890 2278 1059 2323 nonnisi
1078 2278 1123 2321 in
1143 2275 1257 2322 malo
1269 2277 1402 2337 possit
1418 2275 1616 2335 intelligi.

282 2375 384 2409 meat.
406 2388 436 2418 x,
452 2377 484 2409 (3.
509 2393 548 2399 -·
571 2382 583 2399 ²
602 2387 630 2408 1.
647 2378 737 2408 Joan.
762 2375 928 2417 11,15.—
955 2374 1005 2408 32
1027 2375 1105 2408 Tim.
1123 2372 1439 2418 111‚2.-41¹hitip.
1465 2384 1495 2416 1,
1519 2372 1620 2407 23.—

239 2429 344 2466 f'Psal.
364 2444 474 2477 011111,
492 2441 597 2468 2o.—-
623 2431 638 2455 (3
652 2432 725 2475 Sap.
750 2443 794 2476 1-1,
813 2441 867 2464 21.
