1742 2860
228 150 310 193 tis
665 164 698 194 s.
735 161 962 194 Accvsrmt
995 163 1174 191 Emscom

226 245 391 286 errore,
418 228 519 275 inde
551 231 663 275 exire
712 246 800 275 non
833 238 1033 290 poterant
1072 250 1080 278 ;
1117 228 1171 274 de
1199 230 1449 287 Centauris,
1488 229 1608 293 quod

224 316 437 363 equorum
460 301 774 361 hominumque
795 300 927 345 fuerit
948 310 1100 345 natura
1122 301 1355 361 conjuncta
1381 321 1389 347 :
1416 300 1471 346 de
1502 304 1609 347 Cer-

225 372 351 427 bero,
378 372 498 433 quod
518 372 571 417 sit
584 372 739 432 triceps
757 371 996 417 inferorum
1011 372 1126 416 canis
1141 387 1149 413 ε
1168 371 1223 416 de
1239 373 1410 430 Phryxo
1429 382 1472 417 et
1487 372 1611 419 Helle

225 444 316 504 ejus
339 459 506 498 sorore,
533 442 653 503 quod
686 442 798 487 vecti
822 442 952 487 ariete
980 441 1223 487 volaverint
1248 431 1340 487 {de
1378 444 1580 503 Gorgone
1596 478 1607 500 ,
1664 460 1667 464 ·

227 514 491 577 quodfuerit
503 514 656 559 crinita
672 514 1021 574 serpentibus,et
1051 513 1302 575 aspicientes
1332 515 1614 562 convertebat

227 587 271 631 in
290 585 454 646 lapides
475 602 483 628 :
506 584 560 631 de
580 584 929 647 Bellerophonte,
947 584 1067 647 quod
1080 601 1193 647 equo
1212 585 1547 646 pennisvolante
1559 587 1613 633 sit

227 667 392 713 vectus,
414 658 489 719 qui
511 673 649 718 equus
672 661 856 716 Pegasus
879 657 1019 703 dictus
1038 666 1124 702 est:
1144 656 1198 702 de
1211 658 1471 717 Amphione,
1488 656 1609 719 quod

229 729 405 774 eitharae
429 728 637 772 suavitate
666 727 828 788 lapides
851 727 1047 772 mulserit
1070 736 1113 772 et
1144 727 1388 772 attraxerit:
1411 728 1465 773 de
1492 727 1616 775 fabro

231 799 424 856 Dsedalo,
442 809 484 844 et
501 800 591 860 ejus
610 797 698 844 filio
714 803 851 856 Icaro,
870 798 990 860 quod
1010 799 1090 843 sibi
1108 799 1315 859 coaptatis
1333 799 1484 859 pennis
1501 798 1618 844 vola-

230 871 391 916 verint:
408 869 462 914 de
471 868 660 930 OEdipo,
679 870 795 931 quod
808 879 1050 914 monstruni
1060 869 1300 930 quoddam,
1314 885 1413 930 quae
1425 869 1617 930 Sphinga

233 942 459 986 dicebatur
474 976 484 996 ,
531 942 723 985 humana
770 940 878 986 facie
931 940 1284 1002 quadrupedem,
1326 939 1467 985 soluta
1516 956 1616 1002 quae

232 1013 287 1056 ab
311 1011 383 1056 illa
421 1011 605 1072 proponi
639 1010 804 1056 solebat
834 1010 956 1056 velut
988 1009 1211 1055 insolubili
1233 1011 1496 1071 quaestione,
1541 1025 1620 1055 suo

234 1083 473 1144 praecipitio
504 1084 644 1143 perire
671 1082 930 1142 compulerit
955 1098 962 1124 z
990 1082 1045 1126 de
1077 1086 1256 1137 Antaeo,
1288 1097 1420 1143 quem
1454 1083 1624 1127 necavit

237 1153 464 1208 Hercules,
491 1152 612 1214 quod
635 1152 746 1197 filius
770 1162 894 1197 terrae
924 1152 1081 1208 suerit,
1122 1161 1300 1212 propter
1322 1151 1443 1213 quod
1465 1152 1623 1197 cadens

238 1227 450 1270 interram
469 1224 620 1269 fortior
634 1224 790 1269 soleret
805 1240 1025 1284 assurgere
1042 1245 1049 1269 :
1065 1234 1107 1268 et
1124 1225 1156 1268 si
1180 1241 1266 1285 qua
1288 1224 1400 1269 forte
1422 1223 1503 1268 alia
1517 1240 1626 1285 proe-

238 1298 411 1342 termisi.
440 1300 516 1341 Hae
541 1296 700 1340 fabulae
723 1296 778 1340 ad
801 1296 966 1340 bellum
1002 1312 1140 1356 usque
1177 1298 1419 1356 trojanum,
1455 1296 1531 1341 ubi
1561 1312 1627 1341 se-

240 1368 435 1413 cundum
463 1367 625 1412 librum
657 1371 828 1412 Marcus
862 1370 998 1411 Varro
1043 1367 1098 1411 de
1131 1367 1281 1427 populi
1304 1367 1471 1411 romani
1496 1376 1624 1426 gente

241 1439 381 1485 finivit
397 1475 407 1493 ,
433 1455 485 1482 ex
507 1438 731 1483 occasione
748 1438 1047 1492 historiarum,
1074 1454 1173 1497 quoe
1208 1454 1272 1481 res
1301 1438 1509 1482 veraciter
1532 1453 1628 1497 ges-

242 1521 304 1556 tas
323 1510 548 1555 continent
565 1545 576 1564 ,
613 1509 671 1553 ita
704 1518 805 1553 sunt
827 1509 1010 1567 ingeniis
1042 1508 1271 1554 hominum
1305 1510 1440 1565 fictae,
1466 1519 1516 1553 ut
1540 1525 1629 1554 non

244 1583 330 1627 sint
355 1581 597 1641 opprobriis
620 1580 851 1624 numinum
871 1581 1024 1624 assixae.
1065 1583 1198 1624 Porro
1237 1589 1382 1624 autem
1424 1580 1629 1646 quicum-

244 1670 330 1715 que
353 1654 572 1697 finxerunt
595 1654 738 1696 aJove
765 1651 819 1695 ad
858 1660 1056 1710 stuprum
1088 1660 1260 1710 raptum
1285 1650 1630 1710 pulcherrimum

245 1740 430 1786 puerum
452 1721 751 1781 Ganymedem
769 1758 779 1776 ,
808 1721 928 1782 quod
951 1720 1069 1765 nefas
1094 1737 1166 1765 rex
1200 1721 1404 1768 Tantalus
1434 1721 1534 1767 feeit
1555 1758 1565 1779 ,
1590 1731 1633 1768 et

245 1800 268 1842 J
274 1797 342 1841 ovi
366 1794 512 1839 fabula
532 1793 706 1851 tribuit,
731 1792 801 1838 vel
825 1796 990 1837 Danaes
1013 1808 1088 1852 per
1121 1792 1306 1836 imbrem
1340 1809 1519 1838 aureum
1554 1809 1632 1854 ap·-

245 1866 399 1928 petisse
413 1864 711 1918 concubitum,
734 1863 809 1907 ubi
828 1862 1082 1921 intelligitur
1095 1862 1301 1922 pudicitia
1319 1862 1510 1908 mulieris
1528 1880 1634 1908 auro

248 1938 376 1983 fuisse
399 1945 626 1996 corrupta,
653 1951 751 1996 qna:
774 1933 855 1978 illis
890 1934 1158 1993 temporibus
1191 1933 1259 1978 vel
1288 1933 1401 1978 facta
1433 1934 1503 1981 vel
1535 1935 1634 1980 fieta

249 2018 371 2065 sunt,
409 2017 483 2052 aut
505 2008 616 2051 facta
643 2006 697 2050 ab
720 2005 812 2050 aliis
842 2014 885 2050 et
907 2006 1006 2049 ficta
1032 2005 1086 2049 de
1109 2008 1215 2049 Jove
1232 2041 1242 2061 ,
1268 2004 1352 2049 dici
1382 2022 1470 2050 non
1493 2015 1636 2066 potest

251 2090 464 2142 quantum
486 2078 586 2122 mali
600 2077 653 2121 de
667 2078 893 2121 hominum
914 2077 1267 2136 praesumpserint
1283 2076 1504 2132 cordibus,
1517 2078 1637 2138 quod

250 2160 425 2212 possent
446 2151 523 2193 ista
547 2148 759 2208 patienter
794 2146 904 2191 serre
926 2145 1171 2202 mendacia,
1198 2163 1297 2207 quse
1330 2157 1475 2191 tamen
1506 2149 1637 2193 etiam

251 2222 436 2266 libenter
459 2218 643 2278 amplexi
664 2227 765 2261 sunt
793 2237 801 2262 :
827 2218 901 2278 qui
925 2218 1074 2277 utique
1093 2226 1257 2277 quanto
1272 2216 1469 2262 devotius
1484 2221 1507 2262 J
1513 2234 1637 2263 ovem

253 2292 418 2346 colunt,
440 2300 561 2336 tanto
573 2305 659 2344 eos,
686 2290 758 2350 qui
776 2290 867 2332 haec
889 2287 942 2332 de
960 2287 1033 2332 illo
1047 2287 1190 2340 dicere
1205 2288 1293 2332 ausi
1315 2298 1436 2345 sunt,
1451 2290 1639 2335 severius

255 2365 408 2425 punire
441 2362 704 2406 debuerunt.
741 2363 865 2405 Nunc
909 2375 1033 2414 vero,
1060 2375 1149 2403 non
1180 2358 1319 2404 solum
1339 2360 1413 2416 eis,
1449 2360 1525 2420 qui
1558 2361 1638 2406 ista

259 2438 500 2489 finxerunt,
532 2433 626 2477 irati
651 2448 739 2476 non
757 2441 885 2489 sunt3
919 2430 994 2475 sed
1016 2439 1065 2474 ut
1089 2430 1194 2474 talia¹
1208 2432 1412 2489 figmenta
1439 2431 1567 2475 etiam
1593 2432 1640 2476 in

262 2505 437 2552 theatris
449 2512 639 2566 agerent,
652 2503 764 2565 ipsos
779 2503 880 2550 deos
894 2502 1036 2564 potius
1048 2501 1177 2549 iratos
1195 2501 1356 2549 habere
1380 2502 1636 2550 tinnierunt.
