1742 2860
433 161 487 188 DE
517 156 713 188 CIVITATE
745 161 844 198 Dm,
880 161 1004 188 LIBER
1035 160 1126 187 xvi.
1378 151 1464 191 309

75 240 128 270 ex
141 225 287 270 Heber
309 222 504 270 Hebraei:
527 224 686 286 partim
709 225 913 287 temporis
927 233 1142 270 vetustate
1156 233 1322 270 mutata
1343 236 1461 283 sunt,

76 296 136 342 ita
164 306 214 342 ut
234 297 304 341 vix
324 297 521 342 homines
543 297 779 342 doctissimi
802 297 1117 359 antiquissimas
1140 296 1337 342 historias
1364 315 1466 358 per-

76 376 318 413 scrutantes
332 403 344 424 ‚
375 383 456 412 nec
479 367 674 412 omnium
690 403 702 424 ‚
728 367 803 412 sed
826 368 1072 430 aliquarum
1093 384 1143 412 ex
1165 367 1254 413 istis
1282 368 1469 428 origines

76 438 273 498 gentium
296 439 520 499 potuerint
536 438 738 500 reperire.
763 441 870 484 Nam
894 439 1016 501 quod
1033 455 1083 484 ex
1102 437 1192 484 filio
1211 440 1349 485 Cham
1361 475 1372 495 ‚
1392 441 1471 501 qui

75 511 318 557 vocabatur
331 514 535 556 Mesra'i‘m
549 547 559 566 ‚
576 511 774 572 AEgyptii
789 513 1075 573 perhibentur
1088 512 1223 557 exorti
1240 548 1249 568 ,
1266 511 1385 557 nulla
1400 512 1471 557 hie

77 592 251 629 resonat
272 583 394 643 origo
412 583 635 629 vocabuli:
652 582 763 629 sieut
783 600 864 630 nec
885 584 1246 646 AEthiopum,qui
1263 583 1473 630 dicuntur

79 654 135 700 ad
159 671 259 700 eum
288 655 429 700 filium
451 657 591 702 Cham
612 656 829 718 pertinere
845 691 857 713 ,
883 657 959 719 qui
982 658 1101 703 Chus
1123 656 1364 719 appellatus
1391 666 1469 703 est.

78 727 137 772 Et
149 726 184 770 si
205 726 351 771 omnia
373 726 729 785 considerentur,
748 727 875 790 plura
891 737 1058 776 mutata
1075 762 1086 786 ,
1102 744 1237 791 quam
1253 728 1474 776 manentia

79 797 258 845 nomina
277 808 503 861 apparent.

80 955 479 978 mxmuwuvmwums
483 957 906 978 mmsoewaevuxwmw
910 958 978 978 MS
982 957 1191 979 §mmmm
1196 957 1332 979 ἋΜἯἏ
1336 958 1474 978 νννὶωννι

576 1095 797 1148 CAPUT
849 1097 969 1148 XII.

81 1237 159 1289 De
181 1238 390 1290 articulo
420 1243 646 1302 temporis
684 1244 733 1288 in
771 1239 1034 1288 Abraham
1054 1275 1071 1298 ‚
1106 1256 1139 1285 α
1174 1254 1270 1300 quo
1294 1247 1478 1288 sancta)

319 1314 631 1362 successionis
651 1328 800 1361 novus
824 1310 943 1360 ordo
968 1313 1244 1360 contexitur

140 1451 264 1497 NUNC
280 1451 371 1511 J'am
390 1451 617 1496 videamus
636 1466 893 1513 procursum
915 1450 1111 1497 Civitatis
1133 1450 1210 1495 Dei
1229 1485 1240 1506 ‚
1266 1449 1397 1494 etiam
1422 1449 1479 1494 ab

83 1521 160 1567 illo
188 1522 371 1568 articulo
393 1523 599 1584 temporis
616 1561 627 1580 ,
659 1523 736 1585 qui
765 1522 904 1569 factus
933 1532 997 1568 est
1019 1523 1063 1567 in
1086 1532 1208 1584 patre
1230 1522 1476 1576 Abraham,

84 1591 203 1638 unde
225 1594 380 1654 incipit
402 1610 491 1638 esse
520 1595 674 1639 notitia
702 1596 791 1656 ejus
817 1595 1085 1650 evidentior,
1119 1604 1161 1638 et
1194 1593 1269 1637 ubi
1300 1592 1480 1637 clariora

83 1663 294 1725 leguntur
316 1666 524 1726 promissa
548 1667 695 1711 divina
712 1703 722 1723 ,
754 1684 854 1729 quae
878 1684 996 1712 nune
1021 1668 1063 1711 in
1084 1667 1256 1712 Christo
1281 1664 1482 1709 videmus

84 1735 270 1796 impleri.
296 1737 417 1782 Sicut
439 1754 541 1796 ergo
561 1739 782 1795 Scriptura
804 1749 950 1783 saneta
976 1738 1197 1782 indicante
1220 1736 1450 1780 didicimus
1467 1769 1479 1789 ‚

85 1806 131 1852 in
152 1809 328 1868 regione
351 1808 801 1852 Ctmldaeorumnams
826 1817 889 1851 est
912 1809 1131 1851 Abraham
1148 1823 1268 1866 :quae
1292 1816 1403 1849 terra
1428 1805 1483 1849 ad

87 1893 272 1937 regnum
297 1878 543 1938 pertinebat
574 1879 891 1936 Assyriorum&
924 1878 1054 1937 Apud
1084 1877 1312 1922 Clialdaeos
1335 1886 1483 1920 autem

82 1950 173 2011 jam
197 1950 325 1993 etiam
348 1959 452 1994 tunc
471 1951 794 2010 superstitiones
817 1950 962 2009 impiae
985 1948 1299 2010 ptmvalebant,
1326 1964 1484 2009 ‹piem-

90 2019 329 2065 admodum
350 2035 428 2080 per
462 2030 638 2065 caeteras
668 2030 831 2080 gentes.
866 2023 959 2065 Una
984 2021 1116 2079 igitur
1144 2021 1296 2064 Tharae
1327 2018 1483 2064 (lomus

90 2102 210 2149 crat,
247 2091 301 2136 de
333 2109 420 2153 qua
452 2102 579 2137 natus
609 2102 672 2137 est
700 2093 945 2147 Abraham,
972 2092 1017 2136 in
1040 2109 1125 2153 qua
1148 2092 1277 2136 unius
1299 2092 1388 2136 veri
1411 2090 1485 2136 lit-i

92 2163 236 2209 cultus
254 2199 264 2218 ,
298 2174 342 2207 et
363 2175 580 2225 quantum
603 2164 812 2210 credibile
836 2175 898 2209 est
915 2201 925 2219 ‚
961 2164 1003 2208 in
1028 2182 1112 2225 qua
1130 2166 1220 2225 jam
1244 2163 1332 2208 sola
1355 2164 1486 2207 etiam

93 2235 269 2278 lwbraea
303 2234 452 2294 lingua
482 2246 747 2280 remanserat
776 2259 785 2293 ς
820 2236 1018 2296 quami-is
1045 2246 1087 2279 <t
1121 2237 1235 2295 ipsa,
1268 2236 1374 2279 sieut
1396 2237 1486 2294 jam

97 2304 366 2350 manifestior
390 2307 465 2351 Dei
489 2306 677 2367 populus
700 2308 743 2351 in
770 2311 963 2367 :Egypto
983 2343 993 2361 ‚
1026 2308 1083 2350 ita
1108 2308 1150 2350 in
1175 2305 1488 2366 Mesopotamia

98 2378 276 2424 servisse
298 2377 378 2421 diis
401 2377 548 2422 alienis
565 2414 578 2434 ,
609 2381 631 2423 J
638 2396 711 2424 esu
738 2382 855 2424 Nave
878 2389 1080 2423 narrante
1103 2378 1338 2422 referatur¹
1361 2398 1369 2421 ;
1406 2392 1492 2421 eze-

98 2448 202 2495 teris
222 2462 274 2494 ex
298 2448 506 2510 progenie
530 2447 645 2496 illius
668 2450 813 2497 Heber
835 2449 880 2499 iu
901 2449 1069 2509 linguas
1092 2448 1303 2509 paulatim
1325 2446 1426 2493 alias
1448 2454 1493 2492 et

151 2550 163 2570 ²
179 2546 261 2579 Gen.
284 2552 330 2588 xi,
350 2544 403 2579 28.
425 2558 467 2570 ⁶-
494 2546 580 2578 ηοξ.
600 2554 688 2587 xxiv,
715 2554 746 2579 2.
