1742 2860
451 97 504 121 DE
536 96 731 124 cuium
764 97 855 134 Dm,
893 97 1014 124 Linea
1048 96 1154 123 xvii.
1420 84 1498 126 421

178 159 235 200 11.
270 160 319 201 ln
344 158 479 203 tribus
498 176 600 205 vero
623 160 730 217 illis‚
758 177 865 222 quos
890 159 1128 206 Salomonis
1147 175 1235 204 esse
1253 169 1436 217 constat,
1462 172 1507 207 et

117 226 259 272 Judaei
291 230 520 275 canonicos
548 232 739 287 hahent,
777 242 823 277 ut
855 230 1110 277 ostendatur
1132 230 1187 275 ad
1210 231 1430 276 Christum
1463 242 1507 277 et

116 299 353 346 Ecclesiam
366 303 582 363 pertinere
596 304 717 365 quod
730 305 776 348 in
790 305 848 349 eis
862 302 1072 365 ejusmodi
1087 303 1314 363 reperitur,
1327 320 1507 363 operosa

116 371 351 432 disputatio
373 376 610 420 necessaria
634 386 698 421 est
713 413 723 432 ,
750 394 848 438 quae
870 393 949 421 nos
972 375 1085 420 ultra
1102 391 1236 436 quam
1253 385 1451 435 oportet,
1472 375 1508 420 si

115 458 234 489 nunc
262 445 497 491 adhibetur
511 482 522 503 ‚
548 447 755 492 extendit.
786 451 947 493 Tamen
969 447 1090 508 quod
1113 446 1158 490 in
1180 446 1424 492 Proverbiis
1443 446 1509 491 le-

116 514 258 574 gitur,
279 516 392 562 viros
414 517 569 578 impios
592 518 736 563 dicere
753 536 763 567 2
781 539 801 559 «
816 518 1148 564 Abscondamus
1170 517 1215 561 in
1229 527 1342 562 terra
1362 518 1508 562 virum

116 602 137 625 »
156 587 325 648 justum
344 589 529 650 injuste,
555 591 866 637 absorbeamus
888 607 991 636 vcro
1014 606 1115 636 eum
1138 600 1348 651 tanquam
1368 588 1508 633 infer-

115 678 136 702 >2
160 673 243 703 nus
274 659 519 717 viventem,
546 671 589 706 et
619 660 866 706 auferamus
896 663 988 723 ejus
1005 661 1262 706 memoriam
1286 659 1340 705 de
1362 669 1475 706 terra
1490 694 1503 717 9

115 746 137 770 »
160 731 474 791 possessionem
490 732 582 794 ejus
595 733 827 793 pretiosam
852 732 1250 793 apprehendamus¹
1267 766 1278 788 ,
1295 745 1315 768 >³
1340 731 1505 776 nonita

113 801 352 848 obscurum
375 813 463 860 est,
488 813 538 848 ut
559 803 614 848 de
632 805 804 850 Christo
828 814 871 849 et
894 805 1160 866 possessione
1193 803 1286 865 ejus
1312 802 1508 848 Ecclesia

112 872 204 918 sine
220 873 436 921 laboriosa
457 876 723 937 expositione
745 893 835 922 non
849 877 983 937 possit
1000 876 1200 936 intelligi.
1226 874 1327 920 Tale
1343 874 1509 936 quippe

113 944 279 1006 aliquid
301 947 431 992 etiam
454 947 665 993 Dominus
691 949 781 1009 ipse
804 952 928 993 Jesus
952 963 1028 1009 per
1059 945 1353 1005 evangelicam
1378 961 1509 1006 para-

111 1014 260 1061 bolam
280 1018 473 1063 ostendit
496 1018 650 1064 dixisse
667 1019 803 1064 malos
822 1019 999 1065 colonos
1017 1037 1026 1064 t
1045 1035 1065 1059 α
1086 1018 1168 1063 Hic
1185 1018 1414 1073 esthaeres‚
1431 1031 1509 1062 ve·-

113 1106 133 1130 »
157 1088 263 1146 nite,
280 1090 527 1135 occidamus
539 1106 656 1147 eum,
674 1100 716 1135 et
734 1101 879 1136 nostra
895 1090 1251 1136 eritl1aeredit2152.
1268 1112 1287 1136 υ
1306 1092 1508 1150 Itemque

109 1158 222 1205 illud
242 1161 288 1206 in
317 1161 472 1208 eodem
498 1162 636 1219 libro,
657 1162 779 1225 quod
795 1163 886 1224 jam
904 1172 1005 1208 ante
1022 1161 1352 1223 perstrinximus
1367 1196 1378 1216 ‚
1404 1176 1508 1206 cum

109 1245 336 1291 ageremus
350 1232 404 1278 de
417 1233 566 1290 sterili,
583 1251 683 1295 quae
696 1235 867 1295 peperit
882 1243 1065 1294 septem,
1078 1232 1252 1278 nonnisi
1265 1231 1320 1276 de
1333 1231 1509 1277 Christo

109 1311 154 1347 et
174 1304 367 1350 Ecclesia
384 1321 484 1351 mox
504 1316 556 1351 ut
576 1306 709 1351 fuerit
725 1306 1063 1366 pronuntiatum
1081 1305 1308 1350 consuevit
1321 1301 1509 1361 intelligi

111 1376 167 1421 ab
189 1375 248 1420 cis
263 1411 274 1432 ‚
292 1377 369 1438 qni
392 1377 617 1423 Christum
638 1378 902 1438 Sapientiam
925 1377 1003 1422 Dei
1021 1392 1111 1421 esse
1133 1383 1370 1421 noverunt.
1397 1390 1417 1414 «
1436 1377 1510 1419 Sa-

110 1463 131 1487 »
156 1446 319 1507 pientia
337 1447 568 1494 aedificavit
581 1448 664 1493 sibi
686 1449 885 1504 domum,
901 1458 944 1492 et
957 1447 1150 1492 suffulsit
1163 1446 1389 1491 columnas
1407 1460 1508 1506 sep-

111 1540 132 1564 »
154 1528 269 1578 tem3
289 1519 533 1566 immolavit
550 1536 646 1566 suas
663 1521 862 1566 victimas
881 1542 891 1579 3
915 1518 1149 1565 lniseuitin
1167 1528 1331 1564 cratere
1353 1516 1508 1562 vinum

109 1610 131 1634 2>
156 1606 310 1648 suum,
332 1601 376 1637 et
397 1594 565 1653 paravit
592 1609 782 1638 mensam
811 1608 947 1637 suam.
976 1591 1095 1636 Misit
1115 1607 1260 1635 servos
1277 1605 1377 1634 suos
1401 1604 1509 1634 con-

110 1682 131 1706 »
154 1677 313 1708 vocans
327 1680 429 1709 eum
443 1663 672 1708 excellenti
689 1663 1000 1725 prcedicatione
1017 1663 1073 1707 ad
1085 1672 1312 1715 craterem,
1328 1660 1475 1705 dicens
1495 1678 1506 1705 ι

108 1754 130 1778 »
154 1734 262 1787 Quis
294 1744 359 1781 est
381 1735 620 1796 insipiens?
643 1737 838 1782 Divertat
866 1736 922 1782 ad
951 1751 1035 1780 me..
1063 1737 1120 1779 Et
1146 1734 1355 1793 inopibus
1378 1746 1509 1777 sensu

109 1823 130 1846 n
155 1803 295 1851 dixit:
320 1808 498 1861 Venite,
531 1806 796 1851 manducate
828 1806 884 1850 de
917 1804 1023 1849 meis
1056 1805 1268 1864 panibus,
1301 1813 1345 1848 et
1367 1803 1505 1847 bibite

109 1896 130 1919 n
153 1875 308 1920 vinum
341 1875 463 1939 quod
490 1876 644 1921 miscui
673 1875 832 1922 vobisss.
854 1875 971 1921 »Hic
994 1884 1110 1921 certe
1128 1875 1407 1934 agnoscimus
1430 1872 1510 1918 Dei

110 1947 375 2007 Sapientiam
391 1982 402 2004 ‚
429 1949 514 1992 hoc
536 1957 601 1993 est
616 1983 627 2004 ⁷
653 1947 852 1992 Verbum
875 1946 993 1991 Patri
1015 1956 1306 2002 coaeternum‚
1322 1946 1366 1990 in
1384 1952 1510 1990 utero

106 2017 305 2076 virginali
328 2018 511 2064 domum
530 2019 612 2063 sibi
634 2018 868 2064 {edificasse
881 2034 1039 2079 corpus
1052 2018 1316 2073 humanum,
1332 2025 1376 2061 et
1387 2015 1507 2071 huic,

108 2098 319 2151 tanquam
341 2092 471 2152 capiti
494 2092 713 2147 membra,
740 2089 980 2135 Ecclesiam
1008 2090 1304 2150 subjunxisse,
1336 2091 1510 2145 Marty-

107 2176 207 2206 rum
222 2163 419 2208 victimas
442 2163 712 2219 immolasse,
738 2178 931 2208 mensam
949 2163 995 2206 in
1012 2163 1113 2207 vino
1136 2172 1179 2207 et
1195 2162 1385 2223 panibus
1399 2175 1509 2220 prae-

106 2248 278 2293 parasse
294 2269 304 2289 ,
320 2234 397 2279 ubi
411 2244 591 2295 apparet
603 2236 730 2279 etiam
747 2234 1035 2280 sacerdotium
1049 2233 1293 2279 secundum
1307 2231 1507 2278 ordinem

107 2303 431 2350 Melchisedech
445 2341 456 2359 ,
482 2305 735 2366 insipientes
764 2315 807 2350 et
839 2306 990 2366 inopes
1004 2321 1133 2350 sensu
1154 2320 1352 2359 vocasse,
1373 2301 1476 2363 quia
1492 2334 1505 2355 ‚

108 2374 221 2420 sicut
254 2375 361 2420 dicit
389 2375 648 2436 Apostolus:
673 2394 692 2415 f<
712 2378 890 2421 Infirma
911 2377 1041 2437 hujus
1072 2374 1227 2421 mundi
1261 2374 1419 2434 elegit,
1457 2378 1510 2414 ut

160 2473 275 2505 ¹l‘r0v.
296 2481 320 2514 ῐ,
339 2482 391 2514 11,
414 2473 465 2505 13.
487 2489 528 2496 --
556 2479 568 2496 ²
583 2472 855 2515 Matt11.xx1‚33.
872 2490 913 2497 —
941 2471 953 2496 3
969 2475 1064 2506 Prov.
1092 2482 1136 2512 ix,
1161 2471 1231 2506 1-5.
