1742 2860
302 82 385 123 434
728 96 761 122 s.
798 92 1028 121 AUGUSTINI
1060 94 1242 121 EPISCOPI

298 161 435 206 aetatis
469 177 604 206 annos
633 170 786 219 agente
822 180 830 205 :
864 161 939 220 qui
971 160 1147 220 expletis
1179 163 1679 222 e‹.¹nt1un-septuaginta-

299 232 494 292 quinque
517 230 748 275 defunctus
769 240 831 274 est
854 250 861 275 z
884 231 1165 289 regnantibus
1183 230 1299 290 apud
1323 232 1516 290 Assyrios
1540 235 1679 277 Xerxe

298 301 371 345 illo
394 302 656 361 antiquiore,
682 300 757 360 qui
782 301 910 344 etiam
933 300 1085 344 Baleus
1108 302 1367 356 vocabatur,
1400 311 1443 345 et
1473 301 1591 361 apud
1617 303 1681 346 Si-

297 372 473 430 cyonios
494 371 723 425 Thuriaco,
744 386 875 431 quem
898 370 1078 432 quidam
1108 373 1139 413 T
1143 371 1448 415 hurimaehum
1466 372 1677 427 scribunt,

297 442 486 502 septimis
510 442 697 501 regibus.
732 445 931 500 Regnum
966 451 1112 486 autem
1145 441 1405 500 Argivorum
1429 441 1557 487 simul
1578 458 1680 487 cum

297 514 483 558 Abrahfe
512 513 742 572 nepotibus
773 522 917 557 ortum
951 522 1034 567 est,
1062 513 1137 556 ubi
1159 513 1321 572 primus
1351 514 1546 572 regnavit
1577 517 1678 558 Ina-

297 585 418 628 chus.
458 587 566 629 Sane
599 584 721 644 quod
754 583 1106 643 proetereundum
1136 600 1224 628 non
1258 584 1366 639 suit,
1403 585 1531 629 etiam
1565 584 1682 645 apud

297 653 544 714 sepulerum
567 654 734 713 septimi
760 654 824 698 sui
848 655 957 712 regis
978 657 1009 697 T
1014 654 1178 697 huriaci
1196 655 1434 699 sacrificare
1457 654 1680 713 Sicyonios

298 726 454 781 solere,
482 729 617 769 Varro
645 724 788 769 refert.
816 725 1116 783 Regnantibus
1136 741 1263 784 porro
1286 725 1447 769 octavis
1478 725 1677 784 regibus,

298 796 557 840 Armamitre
579 795 878 852 Assyriorum,
906 795 1125 854 Leucippo
1153 795 1425 852 Sicyniorum
1440 831 1450 850 ,
1477 804 1520 839 et
1541 795 1682 855 primo

298 867 557 924 Argivorum
583 866 768 919 lnacho,
798 868 910 909 Deus
933 864 1104 908 loeutus
1128 875 1190 909 est
1213 865 1264 908 ad
1288 868 1425 920 Isaac,
1452 874 1582 925 atque
1603 866 1682 925 ipsi

299 953 476 997 quoque
501 936 651 980 eadem
680 952 779 996 quae
804 935 934 995 patris
964 937 1053 996 ejus
1078 936 1166 979 duo
1189 935 1261 979 issa
1283 936 1500 995 promisit,
1532 937 1683 981 semini

297 1008 457 1053 scilicet
480 1010 569 1068 ejus
598 1017 755 1051 terram
777 1008 982 1051 Chanaan
997 1042 1007 1061 ,
1040 1016 1083 1050 et
1106 1007 1147 1049 in
1170 1008 1261 1067 ejus
1285 1007 1446 1050 semine
1474 1006 1682 1052 benedic-

296 1080 459 1123 tionem
490 1088 747 1122 cunctarum
785 1077 995 1136 gentium.
1045 1079 1148 1121 Haec
1192 1077 1282 1136 ipsa
1323 1078 1530 1137 promissa
1575 1086 1677 1122 sunt

297 1149 426 1193 etiam
448 1148 534 1192 filio
557 1150 671 1208 ejus,
698 1148 843 1207 nepoti
863 1147 1049 1191 Abrahae
1067 1182 1077 1201 ,
1103 1147 1175 1206 qui
1200 1156 1262 1191 est
1285 1147 1524 1207 appellatus
1542 1148 1683 1207 primo

298 1219 457 1273 Jacob,
488 1228 586 1278 post
614 1216 740 1261 lsrael
757 1253 767 1272 ,
794 1233 893 1261 eum
911 1218 1001 1277 jam
1027 1216 1208 1260 Belocus
1244 1232 1316 1260 rex
1339 1233 1479 1261 nonus
1501 1218 1683 1275 Assyriis

298 1300 340 1334 ct
363 1290 614 1333 Phoroneus
630 1288 779 1331 Inachi
794 1287 905 1330 filius
920 1287 1135 1331 secundus
1154 1297 1352 1345 regnaret
1366 1287 1532 1347 Argivis
1547 1323 1557 1343 ,
1575 1291 1685 1332 Leu-

296 1360 423 1419 cippo
443 1358 585 1402 adhuc
609 1356 725 1417 apud
750 1357 971 1414 Sicyonios
994 1366 1290 1416 permanente.
1320 1358 1394 1402 His
1419 1358 1683 1417 temporibus

297 1430 461 1475 Graecia
484 1429 564 1473 sub
589 1430 816 1472 Phoroneo
839 1426 1041 1486 Argolico
1062 1443 1160 1485 rege
1182 1427 1328 1485 legum
1356 1437 1399 1471 et
1420 1427 1683 1488 judiciorum

296 1500 559 1561 quibusdam
599 1498 752 1542 clarior
788 1498 900 1542 faeta
944 1507 1007 1542 est
1043 1498 1262 1542 institutis.
1306 1499 1504 1558 Phegous
1537 1509 1682 1543 tamen

298 1572 429 1617 frater
442 1572 569 1631 hujus
594 1569 808 1614 Phoronei
820 1569 991 1629 junior,
1009 1585 1109 1613 cum
1133 1579 1243 1614 esset
1260 1580 1457 1614 mortuus
1473 1605 1484 1626 ,
1516 1571 1572 1615 ad
1593 1573 1683 1632 ejus

297 1643 546 1703 sepulerum
578 1639 788 1700 templum
821 1650 884 1684 est
917 1641 1204 1684 constitutum
1224 1677 1234 1695 ,
1272 1641 1317 1684 in
1347 1658 1436 1701 quo
1469 1641 1684 1686 coleretur

296 1725 346 1759 ut
368 1718 504 1767 Deus,
532 1722 575 1756 et
601 1713 639 1755 ei
668 1712 798 1756 boves
830 1711 1173 1755 immolarentur.
1207 1713 1347 1757 Credo
1375 1714 1539 1757 honore
1562 1723 1683 1758 tanto

297 1785 395 1828 ideo
423 1783 603 1840 dignum
642 1790 874 1841 putarunt,
918 1781 1021 1840 quia
1058 1782 1102 1824 in
1125 1782 1245 1840 regni
1288 1783 1354 1826 sui
1376 1792 1497 1842 parte
1519 1786 1537 1841 (
1562 1793 1684 1843 pater

298 1857 460 1916 quippe
483 1853 576 1897 loca
601 1853 814 1896 ambobus
836 1851 1130 1908 distribuerat,
1156 1852 1200 1895 in
1225 1853 1399 1913 quibus,
1421 1870 1471 1899 eo
1489 1855 1678 1911 vivente,

298 1934 552 1986 regnarent,
570 1927 585 1981 )
603 1925 680 1968 iste
703 1922 854 1967 sacella
879 1923 1161 1967 constituerat
1184 1925 1238 1968 ad
1260 1923 1464 1970 colendos
1486 1925 1588 1971 deos
1603 1962 1613 1982 ,
1639 1936 1683 1971 et

298 1998 505 2042 docuerat
523 1996 738 2039 observari
759 2004 949 2053 tempora
969 2010 1044 2053 per
1062 2011 1228 2039 menses
1251 2005 1380 2055 atque
1399 2013 1550 2055 annos,
1574 1997 1680 2057 quid

298 2084 447 2111 eorum
471 2075 684 2126 quatenus
720 2065 976 2108 metirentur
1011 2075 1140 2125 atque
1174 2076 1467 2111 numerarent.
1508 2071 1609 2112 Haee
1634 2069 1676 2112 in

298 2156 348 2183 co
364 2155 470 2181 nova
494 2137 693 2179 mirantes
716 2134 841 2178 rudes
860 2135 1001 2179 adhuc
1023 2136 1234 2189 homines,
1258 2147 1394 2180 morte
1410 2138 1526 2181 obita
1550 2137 1680 2182 deum

298 2226 386 2252 esse
412 2208 568 2251 factum
585 2242 594 2259 ,
621 2207 706 2249 siu·
725 2205 884 2263 opinati
908 2215 1029 2259 sunt,
1059 2206 1144 2249 sive
1166 2206 1413 2250 mlueruni.
1435 2211 1543 2252 Nam
1566 2218 1609 2251 et
1633 2212 1681 2252 Io

300 2279 382 2323 iilia
404 2277 548 2321 inachi
575 2275 703 2318 fuisse
728 2275 993 2334 perhibetur,
1013 2292 1110 2335 qua·
1127 2286 1269 2334 postca
1294 2277 1364 2320 Isis
1380 2277 1608 2336 appellata,
1631 2288 1680 2322 ut

301 2366 452 2407 magna
474 2347 550 2391 (lca
575 2347 688 2390 culta
710 2356 766 2388 νει
788 2346 826 2388 in
846 2349 1037 2405 ,Eg'jspto
1057 2348 1274 2406 :quamvis
1298 2347 1366 2391 alii
1382 2349 1677 2393 scribanteam

300 2419 577 2477 cxAEthiopia
602 2417 641 2461 in
659 2420 896 2474 AEgyplum
911 2417 1073 2459 venisse
1089 2418 1351 2475 reginam-,ct
1364 2418 1678 2478 ‹plodlatejus-
