1742 2860
384 109 437 137 DE
468 107 664 136 currina
698 109 768 136 nm
793 125 806 145 ,
842 108 963 137 Linea
997 109 1123 136 ιιι-ΠΙ.
1366 98 1445 139 431

57 182 151 229 cet,
185 171 251 218 vel
281 173 410 217 etiam
433 172 625 217 libertati
647 171 1017 234 qualemcumque
1045 188 1197 233 pacem
1219 174 1451 235 praeferens

57 260 107 289 ac
124 243 309 289 salutem
332 264 341 290 ε
362 244 421 289 ita
445 254 495 288 ut
515 259 684 303 magnae
706 244 870 289 fuerint
891 243 1191 300 admirationi,
1215 245 1292 306 qui
1312 247 1453 307 perire

59 332 193 378 quam
214 316 374 361 servire
404 315 669 360 maluerunt.
701 319 809 362 Nam
834 316 879 361 in
902 316 1106 362 omnibus
1129 316 1218 361 fere
1248 317 1452 377 gentibus

57 387 252 449 quodam
274 386 407 433 modo
439 403 521 432 vox
555 397 723 432 naturae
753 387 831 432 ista
853 387 1104 448 personuit,
1145 397 1196 433 ut
1225 387 1452 449 subjugari

56 459 293 504 victoribus
310 457 508 515 mallent,
524 459 684 520 quibus
698 459 883 518 contigit
899 457 1030 515 vinci,
1047 474 1181 521 quam
1194 458 1350 505 bellica
1361 476 1454 506 orn-

55 527 255 574 nifariam
274 529 513 574 vastatione
525 528 675 574 deleri.
695 529 807 574 Hinc
825 528 990 574 lactum
1004 539 1083 586 est,
1100 539 1150 575 ut
1166 545 1256 575 non
1269 528 1360 575 sine
1375 531 1452 576 Dei

57 600 329 662 providentia
344 637 354 656 ‚
382 601 427 645 in
456 601 578 662 eujus
600 610 813 661 potestate
836 611 928 656 est,
961 610 1011 645 ut
1033 600 1219 663 quisque
1237 599 1354 646 bello
1377 610 1453 647 aut

56 672 339 733 subjugetur,
365 681 441 717 aut
463 672 693 733 subjuget,
719 671 897 734 quidam
926 682 1068 717 essent
1097 671 1239 732 regnis
1261 671 1448 733 praediti,

61 741 239 804 quidam
252 742 534 802 regnantibus
548 742 735 788 subditi:
752 742 827 788 sed
840 742 951 787 inter
966 741 1154 804 plurima
1170 758 1302 803 regna
1318 753 1452 789 terra-

58 830 171 870 rum,
198 814 244 858 in
266 830 365 876 quae
388 824 569 859 terrenae
593 814 789 859 utilitatis
806 850 816 869 ,
842 813 912 858 vel
934 813 1197 874 cupiditatis,
1223 824 1287 859 est
1311 813 1450 860 divisa

56 885 252 941 societas,
265 888 416 948 (quam
430 885 661 932 Civitatem
677 885 832 930 mundi
844 886 976 947 hujus
990 884 1223 930 universali
1234 885 1451 932 vocabulo

57 974 362 1019 nuncupamus
377 960 418 1018 ,)
441 957 530 1003 duo
559 974 690 1018 regna
709 958 926 1003 cernimus
949 956 1080 1017 longe
1103 957 1269 1003 caeteris
1292 974 1451 1019 prove-

56 1031 166 1075 nisse
184 1029 364 1075 clariora
381 1066 391 1085 ,
414 1029 689 1089 Assyriorum
714 1029 921 1090 primum,
947 1027 1107 1073 deinde
1131 1033 1446 1087 Romanorum,

56 1111 106 1146 ut
127 1100 396 1162 temporibus
414 1136 424 1156 ,
449 1101 506 1146 ita
529 1100 633 1145 locis
656 1101 767 1144 inter
784 1116 828 1145 se
851 1100 1048 1145 ordinata
1072 1110 1204 1161 atque
1227 1100 1445 1146 distincta.

55 1175 163 1218 Nam
183 1189 270 1233 quo
293 1171 425 1217 modo
449 1171 559 1216 illud
587 1171 726 1231 prius,
750 1172 833 1216 hoc
856 1172 1091 1232 posterius,
1120 1188 1170 1215 eo
1188 1170 1321 1216 modo
1339 1171 1450 1217 illud

56 1243 100 1288 in
129 1244 332 1299 Oriente,
358 1244 505 1288 hocin
528 1242 764 1287 Occidente
782 1243 963 1288 surrexit
997 1258 1004 1285 :
1036 1229 1226 1304 denique
1260 1243 1305 1287 in
1335 1242 1449 1288 illius

56 1315 142 1359 fine
164 1316 291 1376 hujus
314 1314 485 1358 initium
508 1312 736 1358 confestim
754 1312 849 1359 fuit.
879 1318 1030 1374 Regna
1044 1324 1223 1371 caetera,
1245 1323 1447 1361 caeteros-

56 1402 141 1448 que
165 1402 285 1445 reges
309 1384 430 1431 velut
453 1384 712 1446 appendices
732 1385 913 1430 istorum
935 1384 1130 1429 dixerim.

118 1460 175 1502 11.
201 1457 336 1503 Ninus
359 1473 461 1516 ergo
479 1459 569 1517 jam
592 1456 808 1502 secundus
831 1474 901 1501 rex
926 1467 1017 1502 erat
1040 1457 1342 1516 Assyriorum,
1368 1458 1445 1519 qui

55 1528 167 1589 patri
185 1545 262 1573 suo
286 1527 387 1572 Belo
406 1538 681 1583 successerat,
704 1529 825 1588 regni
844 1527 958 1573 illius
977 1529 1118 1588 primo
1138 1529 1243 1587 regi,
1269 1529 1447 1590 quando

56 1599 99 1643 in
133 1609 242 1644 terra
276 1597 584 1644 Chaldseorum
619 1608 744 1643 natus
779 1608 842 1643 est
873 1598 1139 1644 Abraham'2.
1178 1601 1282 1644 Erat
1316 1600 1446 1644 etiam

57 1680 250 1730 tempore
273 1669 347 1714 illo
377 1686 559 1729 regnum
594 1670 896 1728 Sicyoniorum
922 1668 1159 1714 admodum
1185 1686 1389 1730 parvum,
1424 1688 1445 1716 a

56 1757 145 1802 quo
169 1739 240 1784 illc
263 1739 573 1801 undecumque
607 1739 878 1785 doctissimus
902 1743 1073 1784 Marcus
1096 1742 1232 1784 varro
1256 1740 1447 1787 scribens

56 1810 110 1855 de
134 1820 260 1870 gente
284 1810 431 1870 populi
453 1810 642 1864 romani,
678 1809 799 1854 velut
823 1810 1004 1870 antiquo
1030 1818 1223 1870 tempore
1238 1846 1248 1865 ,
1273 1827 1446 1856 exorsus

57 1891 134 1927 est.
174 1882 242 1928 Ab
276 1881 341 1926 his
375 1881 492 1925 enim
528 1880 831 1938 Sicyoniorum
867 1881 1041 1939 regibus
1075 1881 1129 1925 ad
1162 1883 1446 1927 Athenienses

57 1954 277 2015 pervenit,
319 1969 341 1996 a
380 1953 538 2013 quibus
572 1951 627 1997 ad
660 1952 858 2007 Latinos,
886 1951 987 1996 inde
1021 1951 1075 1997 ad
1100 1956 1333 1998 Romanos.
1362 1954 1446 2000 Sed

58 2036 157 2071 ante
179 2024 399 2071 conditam
420 2028 601 2068 Romam
622 2023 664 2067 in
687 2024 1009 2083 comparatione
1028 2024 1148 2084 regni
1171 2026 1445 2084 Assyriorum

56 2097 286 2158 perexigua
303 2096 379 2141 ista
396 2105 707 2140 memorantur.
730 2095 936 2148 Quamvis
956 2095 1239 2141 Athenienses
1263 2097 1306 2141 in
1325 2099 1447 2142 Gra:-

60 2169 122 2213 eia
147 2167 382 2228 plurimum
404 2166 605 2211 claruisse
632 2165 816 2210 fateatur
838 2166 965 2209 etiam
994 2165 1218 2212 Sallustius
1243 2184 1446 2213 romanus

59 2239 285 2282 historicus
301 2273 310 2291 ,
332 2236 428 2297 plus
448 2246 591 2280 tamen
616 2235 728 2280 sama
745 2272 754 2290 ,
782 2252 913 2297 quam
938 2253 982 2280 re
1006 2237 1109 2297 ipsa.
1131 2241 1238 2282 Nam
1262 2237 1446 2299 loquens

61 2309 114 2353 de
137 2308 217 2353 illis
241 2329 249 2353 2
275 2329 293 2349 «
312 2307 658 2361 Atheniensium,
677 2307 833 2368 inquit,
856 2323 920 2351 res
942 2317 1084 2366 gestae,
1106 2308 1229 2352 sicuti
1244 2325 1321 2367 ego
1336 2309 1445 2353 exis-

61 2381 188 2435 timo,
230 2379 328 2423 satis
365 2377 518 2438 amplae
552 2378 884 2439 magnilieseque
924 2377 1099 2423 fuerunt
1136 2399 1142 2422 :
1176 2395 1327 2423 verum
1362 2378 1444 2424 ali-

61 2460 225 2512 quanto
250 2450 435 2496 minores
467 2458 634 2504 tamen,
669 2465 800 2509 quam
834 2448 947 2495 fama
981 2449 1196 2496 feruntur.
1236 2450 1319 2496 Sed
1343 2451 1443 2512 quia
