1742 2860
402 216 456 244 m:
486 212 682 245 ctvrrATE
715 216 810 256 nm,
846 216 969 244 LIBER
1001 216 1128 245 xviii.
1374 208 1460 249 477

75 287 357 332 continentur
372 320 383 340 ‚
409 299 489 328 nee
516 284 596 344 ipsi
618 293 790 344 oportet
813 293 1128 345 praetereantur
1149 300 1172 329 a
1202 285 1342 331 nobis.
1369 288 1465 332 Ab·

75 359 189 414 dias,
221 365 437 419 quantum
460 354 516 400 ad
537 355 795 416 scripturam
817 357 908 417 ejus
939 356 1094 401 attinet
1111 392 1122 413 ‚
1149 357 1346 403 onmium
1364 358 1466 404 bre-

75 431 272 476 vissimus
313 429 630 489 Prophetarum
646 464 657 484 ,
705 428 909 473 adversus
954 429 1195 474 Idumaeam
1241 430 1437 492 loquitur
1453 468 1464 488 ,

76 511 251 564 gentem
274 501 436 546 scilicet
457 501 571 545 Esaii
588 536 599 556 ,
632 516 682 544 ex
705 499 879 544 duobus
902 501 1080 559 geminis
1098 500 1194 546 filiis
1219 505 1337 547 Isaac
1354 538 1364 558 ‚
1386 519 1468 547 ne-

74 574 250 634 potibus
271 573 483 628 Abrahae,
520 571 692 632 majoris
725 571 840 616 illius
870 573 1105 632 reprobati.
1140 577 1276 619 Porro
1303 575 1335 618 si
1360 575 1468 620 Idu-

73 661 230 690 maeam
252 645 384 689 modo
407 644 638 689 locutionis
657 679 666 699 ‚
699 660 789 705 quo
812 643 1073 703 intelligitur
1102 662 1123 689 a
1146 654 1270 705 parte
1295 654 1434 690 totum
1454 682 1465 702 ,

75 717 335 778 accipiamus
357 717 542 777 positam
565 732 654 760 csse
676 731 755 776 pro
779 716 979 774 gentibus
1000 736 1008 761 z
1039 716 1094 761 de
1116 718 1288 762 Christo
1309 735 1468 777 agnos-

74 805 170 836 cere
191 805 438 850 possumus,
465 787 586 850 quod
608 789 667 832 ait
690 788 800 831 inter
822 798 977 833 caftei'a
999 809 1006 834 :
1039 809 1058 831 «
1082 792 1132 833 In
1154 799 1304 834 monte
1322 800 1468 835 autem

78 880 98 904 »
129 862 231 907 Sion
254 862 333 905 erit
356 861 496 916 salus,
535 871 577 905 et
601 861 680 905 erit
703 863 946 905 sanetum¹.
977 879 996 903 »
1040 864 1096 906 Et
1133 861 1265 922 paulo
1295 873 1393 923 post
1425 864 1469 907 in

75 933 162 978 fine
194 933 326 993 ipsius
354 932 610 993 prophetiae.
642 952 661 974 «
684 935 741 976 Et
765 932 1022 988 ascendent,
1060 932 1228 993 inquit,
1268 933 1470 978 resalvati

78 1023 99 1047 »
127 1021 177 1050 ex
198 1015 346 1050 monte
369 1006 485 1060 Sion,
512 1015 560 1049 ut
584 1003 824 1049 defendant
841 1014 1036 1049 montem
1056 1006 1188 1061 Esaii,
1216 1015 1258 1050 et
1281 1007 1361 1050 erit
1380 1010 1469 1051 Do-

78 1095 98 1120 »
123 1078 242 1122 mino
264 1080 491 1137 regnum2.
516 1096 536 1118 >›
567 1080 759 1137 Apparet
788 1077 951 1137 quippe
981 1075 1026 1121 id
1050 1093 1140 1122 esse
1170 1077 1437 1138 completum
1456 1115 1467 1135 ‚

77 1166 179 1195 eum
202 1149 400 1195 resalvati
423 1166 474 1194 ex
492 1159 640 1194 monte
661 1150 789 1205 Sion,
816 1148 860 1193 id
879 1159 965 1204 est,
993 1165 1043 1193 ex
1066 1152 1089 1194 J
1096 1148 1219 1194 udaea
1243 1150 1470 1196 eredentes

78 1221 124 1266 in
143 1222 387 1278 Christum,
423 1222 496 1282 qui
520 1221 737 1281 praecipue
764 1230 1062 1279 agnoscuntur
1080 1221 1292 1280 Apostoli,
1321 1238 1472 1267 aseen-

79 1294 263 1350 derunt,
297 1304 347 1338 ut
375 1292 661 1338 defenderent
682 1301 878 1336 montem
901 1293 1031 1337 Esaii.
1059 1292 1292 1345 Quomodo
1315 1293 1471 1338 defen-

77 1366 256 1422 dorent,
278 1366 359 1410 nisi
381 1381 459 1426 per
480 1363 706 1424 Evangelii
728 1364 1085 1424 prsedicationem
1110 1363 1248 1409 salvos
1272 1364 1472 1411 faciendo

78 1453 149 1484 eos
173 1438 249 1499 qui
270 1436 571 1490 erediderunt,
598 1444 647 1479 ut
669 1445 926 1480 eruerentur
949 1435 1003 1479 de
1026 1445 1241 1495 potestate
1265 1437 1472 1482 tenebra-

77 1525 192 1566 rum,
208 1518 252 1554 et
268 1508 606 1554 transferrentur
624 1507 668 1550 in
686 1523 869 1566 regnum
883 1506 987 1550 Dei?
1006 1506 1135 1560 Quod
1154 1518 1475 1569 consequenter

78 1582 283 1643 expressit
314 1580 516 1625 addendo
541 1599 548 1624 :
590 1598 609 1622 «
634 1582 691 1624 Et
724 1579 805 1623 erit
827 1578 1014 1623 Domino
1045 1595 1261 1638 regnum:
1292 1599 1311 1622 »
1346 1584 1474 1626 Mons

78 1654 196 1698 enim
216 1654 317 1699 Sion
339 1655 362 1697 J
368 1651 539 1696 udaeam
561 1650 795 1708 signifieat,
821 1649 897 1692 ubi
920 1647 1068 1693 futura
1091 1649 1300 1710 prsedieta
1322 1661 1385 1696 est
1405 1668 1474 1698 sa-

77 1725 168 1780 lus,
203 1734 246 1769 et
276 1732 502 1777 sanctum,
547 1721 668 1783 quod
700 1729 763 1764 est
796 1720 994 1765 Christus
1033 1722 1171 1766 Jesus.
1211 1724 1338 1767 Mons
1370 1739 1473 1769 vero

79 1797 196 1842 Esaii
225 1795 420 1841 Idumaea
443 1804 528 1849 est,
554 1810 631 1854 per
649 1808 782 1854 quam
804 1793 1043 1852 significata
1062 1803 1125 1837 est
1147 1794 1340 1839 Ecclesia
1367 1812 1475 1855 gen-

79 1870 206 1923 tium,
233 1883 365 1929 quam
388 1865 697 1920 defenderunt,
719 1865 830 1908 sieut
848 1865 1041 1924 exposui,
1065 1864 1261 1910 resalvati
1282 1883 1474 1913 ennon-2

79 1951 122 1986 te
150 1942 277 1996 Sion,
312 1948 361 1984 ut
384 1948 494 1983 esset
521 1938 706 1982 Domino
728 1953 928 1997 regnum.
964 1939 1057 1982 Hoc
1093 1937 1327 1983 obscurum
1354 1950 1469 1997 erat,

81 2022 317 2073 antequam
340 2012 463 2055 fieret
489 2029 498 2055 ι
526 2009 601 2054 sed
632 2007 797 2053 factum
821 2009 916 2069 quis
939 2025 1028 2053 non
1056 2008 1194 2054 fidelis
1218 2015 1454 2070 agnoscat?

140 2088 199 2129 ΙΙ.
225 2084 366 2128 Naiim
388 2098 490 2127 vero
505 2081 717 2142 propheta
733 2116 743 2135 ,
766 2081 851 2124 imo
870 2096 947 2140 per
964 2079 1089 2124 illum
1110 2084 1224 2126 Deus
1247 2102 1254 2128 :
1280 2103 1299 2125 «
1315 2086 1472 2129 Exter-

83 2175 105 2198 »
129 2154 307 2200 minabo
322 2190 332 2209 ,
355 2153 513 2214 inquit,
540 2151 755 2211 sculptilia
776 2161 819 2196 et
841 2151 1075 2197 conflatilia
1104 2172 1111 2197 :
1138 2169 1299 2213 ponam
1322 2156 1471 2216 sepul-

85 2253 104 2273 »
129 2237 272 2272 turam
305 2235 425 2270 tuam
454 2245 462 2269 :
500 2224 600 2285 quia
634 2223 804 2267 veloces
838 2239 938 2268 ecee
972 2240 1102 2284 super
1135 2236 1305 2271 montes
1340 2228 1471 2288 pedes

84 2316 104 2339 >t
131 2297 486 2357 evangelizantis,
518 2306 561 2340 et
592 2296 890 2341 annuntiantis
926 2312 1095 2356 pacem.
1138 2297 1320 2343 Celebra
1358 2300 1471 2346 Juda

85 2393 104 2414 n
125 2371 214 2416 dies
238 2369 367 2414 festos
391 2378 503 2423 tuos,
528 2366 660 2411 redde
676 2376 775 2411 vota
802 2377 875 2411 tua
902 2387 910 2412 :
937 2368 1141 2429 quiajam
1163 2386 1250 2414 non
1269 2370 1472 2431 adjicient

86 2467 105 2488 υ
130 2441 267 2497 ultra⁷
292 2450 341 2485 ut
367 2448 585 2483 transeant
607 2439 652 2482 in
679 2448 939 2483 vetustatem
957 2441 970 2465 ³
997 2442 1356 2486 Consummatum
1381 2453 1468 2500 est,

87 2533 105 2554 >³
131 2522 439 2573 consumptum
464 2521 542 2567 est,
560 2509 756 2555 ablatum
771 2520 848 2554 est.
870 2510 1093 2568 Ascendit,
1122 2513 1198 2574 qui
1215 2513 1407 2560 insufflat
1425 2515 1470 2560 in

132 2600 261 2636 1Al>diae
278 2611 327 2644 17.
356 2617 398 2625 -
425 2607 437 2623 2
454 2599 534 2635 Ibid.
555 2609 606 2633 21.
625 2615 667 2624 -—
691 2596 817 2633 3Nai'nn
841 2609 870 2641 1,
899 2596 951 2645 14,
976 2598 1025 2632 15.
