1742 2860
266 74 347 116 428
699 88 732 114 s.
769 85 997 114 AL'GL'STIM
1031 85 1209 112 Eiuscom

264 153 481 213 accipiunt
509 170 517 200 ;
543 163 803 213 acceperunt
830 161 974 196 autem
991 187 1001 207 ,
1027 151 1102 211 qui
1135 167 1185 195 et:
1219 150 1276 193 eis
1304 147 1641 193 innumerabiles

264 224 500 284 Evangelio
523 224 814 269 crediderunt.
843 227 965 267 Tunc
987 223 1102 266 enim
1122 237 1222 267 vere
1246 220 1373 265 Israel
1399 219 1557 265 divisus
1580 228 1643 264 cst

263 297 308 340 in
342 296 456 352 duo,
490 296 698 342 divisione
734 295 834 351 illa,
866 311 965 356 quae
997 310 1073 354 per
1112 292 1354 339 Samuelem
1386 293 1644 353 prophetam

265 367 382 414 Saiili
404 368 493 427 regi
522 377 586 413 est
606 366 888 412 immutabilis
909 365 1215 427 praenuntiata.
1242 363 1501 409 Malachiam
1522 378 1640 416 vero,

262 442 474 499 Aggaeum
491 474 502 494 ‚
538 437 811 495 Zachariam,
847 447 891 482 et
922 436 1132 492 Esdram,
1157 436 1287 480 etiam
1308 438 1331 480 J
1338 435 1451 480 udaei
1472 433 1646 495 reprobi

262 510 307 554 in
339 510 641 555 auctoritatem
669 508 923 555 canonicam
954 516 1149 568 receptos
1181 506 1432 552 novissimos
1462 505 1643 552 habent.

264 583 376 627 Sunt
397 582 513 626 enim
536 590 579 627 et
599 581 756 642 scripta
773 595 942 636 corum,
967 578 1078 624 sicut
1103 578 1302 633 aliorum,
1328 577 1403 638 qui
1425 577 1470 622 in
1491 593 1647 637 magna

263 652 543 698 multitudine
576 653 893 714 Prophetarum
919 649 1124 712 perpauci
1157 666 1205 694 ea
1228 649 1517 710 scripserunt,
1547 665 1648 711 quae

264 724 563 771 auctoritatem
600 725 777 770 canonis
805 724 1066 770 obtinerent.
1100 725 1162 768 De
1194 737 1382 784 quorum
1405 721 1644 783 praedictis,

264 814 363 860 quae
387 796 442 843 ad
463 797 683 843 Christum
704 796 1030 856 Ecclesiamque
1051 794 1141 856 ejus
1163 794 1402 855 pertinent,
1435 793 1648 839 nonnulla

265 869 372 915 mihi
390 869 436 914 in
456 868 540 914 hoc
562 870 703 930 Opere
726 867 851 914 video
873 882 962 912 esse
983 865 1186 927 ponenda
1208 883 1217 911 ε
1238 864 1358 928 quod
1381 864 1650 911 commodius

266 942 356 996 fiet,
381 939 613 1001 adjuvante
631 940 832 996 Domino,
858 937 1055 1000 sequenti
1076 936 1212 998 libr03
1232 952 1286 983 ne
1305 937 1424 983 hunc
1440 946 1529 983 tam
1551 952 1650 998 pro·

265 1012 399 1058 lixum
417 1010 596 1058 ulterius
618 1026 860 1058 oneremus.
