1742 2860
421 223 474 251 m:
506 218 702 252 cxvrrA'rE
735 221 835 261 Dm,
872 220 993 250 tumn
1026 221 1118 250 xiv.
1367 212 1449 253 1¹75

59 306 138 336 nec
161 289 300 335 ullum
334 287 454 334 aliud
483 288 646 332 malum
662 324 672 344 ‚
697 286 818 348 quod
846 286 1128 348 perpetiendo
1156 296 1202 333 ct
1223 288 1451 336 sentiendo

59 364 113 408 sit
125 361 268 406 tristis.
295 363 403 406 Nam
427 369 471 408 et
512 358 784 407 Alcibiadem
812 357 975 403 ferunt¹
1011 360 1027 416 (
1050 359 1169 403 sime
1193 358 1247 404 de
1277 361 1453 405 nomine

57 432 246 480 hominis
267 430 474 476 memoria
491 446 580 475 non
598 429 733 485 fallit,
759 431 776 488 )
799 445 900 474 eum
915 430 997 476 sibi
1028 430 1181 475 beatus
1196 429 1446 487 videretur,

61 508 235 551 Socrate
255 503 523 564 disputante,
544 500 642 546 etei
661 517 794 562 quam
809 501 940 546 miser
956 510 1093 557 esset,
1115 502 1322 564 quoniam
1343 503 1454 548 stul-

58 586 128 622 tus
149 585 280 632 esset,
301 575 650 630 demonstrante,
678 572 861 618 flevisse.
897 573 1009 618 Huie
1029 589 1132 633 ergo
1155 572 1339 620 stultitia
1369 574 1453 620 fuit

58 663 187 694 causa
208 648 336 692 etiam
357 647 486 708 hujus
508 644 625 691 utilis
644 644 941 706 optandaeque
966 645 1174 702 tristitiae,
1200 662 1286 707 qua
1319 647 1453 693 homo

59 733 150 763 esse
165 733 210 762 se
231 716 373 773 dolet,
395 717 515 779 quod
537 731 728 761 essenon
747 714 893 760 debet.
914 716 1049 760 Stoici
1073 725 1217 761 autem
1236 732 1324 764 11011
1343 716 1453 762 stul-

60 798 154 835 tum
168 824 179 846 ‚
204 787 281 835 sed
302 789 541 851 sapientem
559 788 681 834 aiunt
701 787 868 834 tristem
886 802 976 834 esse
999 804 1086 834 non
1105 803 1243 850 posse.

56 924 128 944 ωδ
131 924 411 944 ΜὮΜὯὟΝἏ
414 925 482 944 &rm
486 925 554 943 tm
558 925 768 943 νυὶννὶὶὣὶνὶῒ
772 926 838 944 [W
844 926 964 944 nxmtt
967 926 980 943 S
984 926 1336 946 sm1wwmxwu=wm
1342 927 1407 945 νυνὶ
1415 928 1455 945 Μ

553 1023 773 1077 CAPUT
820 1027 893 1077 IX

58 1128 137 1177 De
163 1127 606 1196 perturbationibus
627 1131 805 1188 animi,
830 1146 1033 1190 quarum
1077 1130 1285 1196 (ff’etus
1303 1140 1456 1180 rectos

474 1200 624 1249 lzabet
645 1203 746 1250 vita
760 1202 1019 1264 justorum.

119 1331 154 1375 I.
181 1329 343 1374 Verum
360 1328 426 1375 his
451 1327 748 1389 philosophis,
778 1329 899 1389 quod
930 1328 985 1376 ad
1023 1328 1147 1374 istam
1170 1330 1457 1391 (livestionein

59 1401 115 1445 de
137 1400 270 1445 animi
299 1400 704 1460 perturbationibus
738 1401 914 1457 attinet,
955 1403 1046 1462 jam
1079 1401 1381 1461 respondimus
1412 1404 1456 1447 in

58 1487 176 1517 nono
193 1472 321 1531 hujus
335 1471 487 1531 Operis
499 1471 627 1527 libro,
647 1471 924 1517 ostendentes
938 1487 1008 1517 eos
1027 1487 1114 1517 non
1132 1482 1219 1517 tani
1235 1472 1290 1518 de
1306 1474 1452 1530 rebus,

58 1560 191 1605 quam
206 1543 260 1588 de
277 1543 419 1588 verbis
442 1543 686 1603 cupidiores
709 1559 798 1589 esse
815 1544 1127 1601 contentionis,
1149 1560 1280 1605 quam
1295 1546 1454 1591 verita-

58 1614 127 1659 tis.
145 1612 277 1674 Apud
289 1629 367 1658 1105
385 1615 659 1673 autemjuxta
681 1615 922 1674 Scripturas
937 1630 1076 1658 sacras
1091 1631 1333 1676 sanamque
1354 1616 1456 1661 doc-

58 1685 238 1741 trinam,
263 1684 376 1731 cives
399 1694 557 1730 sanctae
571 1685 764 1730 Civitatis
788 1685 864 1729 Dei
888 1685 932 1728 in
957 1686 1086 1744 hujus
1116 1687 1218 1729 vitre
1251 1688 1453 1746 peregri-

58 1756 234 1800 natione
254 1754 497 1801 secundum
519 1757 659 1799 Deum
676 1755 894 1809 viventes,
913 1764 1140 1810 metuunt,
1162 1757 1450 1818 cupiuntque,

59 1825 234 1881 dolent,
262 1825 558 1887 gaudentque.
583 1828 638 1870 Et
661 1825 763 1886 quia
779 1835 920 1870 rectus
939 1834 1002 1869 est
1019 1841 1140 1870 amor
1157 1842 1327 1883 eorum,
1355 1828 1453 1874 istas

58 1912 207 1942 omnes
217 1897 467 1943 affectiones
478 1907 612 1942 rectas
622 1897 800 1941 habent.
816 1901 1020 1943 Metuunt
1033 1914 1210 1959 poenam
1225 1910 1448 1959 aeternam,

58 1968 243 2028 cupiunt
263 1968 397 2013 vitam
417 1978 623 2014 aeternam
650 1985 657 2010 1
684 1968 891 2014 dolentin
909 1986 979 2026 re,
1003 1970 1103 2032 quia
1127 1971 1206 2032 ipsi
1229 1973 1273 2017 in
1296 1984 1452 2019 semet-

58 2039 158 2100 ipsis
174 2039 316 2085 adhuc
331 2039 618 2097 ingemiscunt
631 2040 911 2100 adoptionem
936 2051 1208 2102 expectantes
1241 2045 1449 2106 redemp-

60 2111 223 2156 tionem
236 2110 426 2172 corporis
443 2110 545 2169 sui²3
571 2111 763 2170 gaudent
776 2111 820 2155 in
835 2126 924 2172 spe7
939 2112 1039 2172 quia
1058 2113 1133 2158 fiet
1159 2117 1334 2161 «Sermo
1349 2152 1359 2172 ,
1377 2118 1453 2178 qui

59 2181 244 2241 scriptus
257 2189 336 2236 est,
348 2181 563 2241 Absorpta
575 2190 638 2226 est
652 2196 765 2226 mors
777 2181 822 2225 in
830 2181 1088 2228 victoriane.
1099 2202 1118 2224 11
1128 2187 1236 2229 Item
1249 2196 1453 2234 metuunt

59 2267 254 2312 peccare,
269 2251 453 2312 eupiunt
469 2267 763 2313 perseverare:
783 2250 933 2298 dolent
956 2254 1001 2299 in
1028 2258 1232 2315 peccatis,
1259 2259 1452 2318 gaudent

60 2327 107 2370 in
128 2323 332 2384 operibus
359 2323 499 2368 bonis.
536 2326 593 2370 Ut
617 2323 733 2369 enim
763 2333 963 2370 metuant
992 2341 1197 2387 peccare,
1234 2329 1419 2374 audiunt
1437 2367 1447 2386 ‚

64 2416 86 2439 ι(
111 2395 327 2450 Quoniam
346 2393 588 2440 abundabit
610 2394 834 2456 iniquitas,
862 2394 1109 2457 refrigescet
1137 2400 1321 2445 charitas
1336 2402 1450 2446 11101-

65 2486 86 2510 »
104 2467 282 2512 torum⁴.
293 2485 312 2507 »
326 2468 381 2512 Ut
397 2466 576 2527 cupiant
596 2482 885 2527 perseverare,
906 2468 1092 2516 audiunt
1105 2470 1225 2532 quod
1239 2473 1400 2534 scriptu
1408 2490 1448 2521 m

116 2571 125 2587 ¹
141 2564 204 2597 Cic.
222 2563 305 2609 in'iv.
317 2564 457 2598 Tuse.--
474 2570 486 2588 2
500 2562 588 2598 Rom.
601 2572 665 2606 rm,
678 2564 779 2598 232-—
798 2561 838 2599 31
870 2561 941 2597 Cor„
960 2565 1124 2609 11534-
1139 2565 1153 2592 ⁴
1165 2568 1276 2602 nauh.
1293 2581 1381 2613 μιν,
1399 2580 1448 2606 19.
