1742 2860
295 102 376 143 440
723 120 756 147 s.
793 118 1020 147 amusium
1054 118 1233 148 Eptscom

289 189 434 224 autem
457 181 612 225 artium
634 182 796 242 peritus
814 182 994 239 claruit,
1015 200 1122 245 quas
1136 193 1179 228 et
1200 184 1448 230 hominibus
1465 187 1667 235 tradidit:

288 268 377 313 quo
400 253 552 298 merito
572 269 670 297 cum
694 263 788 313 post
812 264 995 299 mortem
1019 255 1149 301 deum
1185 272 1274 301 esse
1297 256 1532 303 voluerunt
1547 293 1558 313 ‚
1583 259 1671 304 sive

290 323 420 369 ctiam
449 324 742 369 erediderunt.
780 326 994 371 Posterior
1016 325 1145 372 fuisse
1176 326 1383 373 Hercules
1413 328 1591 385 dieitur,
1617 330 1673 375 ad

290 411 339 438 ea
370 404 511 439 tamen
551 404 743 454 tempora
766 395 985 454 pertinens
1003 398 1260 455 Argivorum
1287 417 1295 443 :
1321 399 1517 458 quamvis
1560 414 1673 444 non-

289 464 397 510 nulli
411 481 509 509 eum
528 466 741 510 Mercurio
756 482 844 526 prm
852 465 988 512 ferant
1001 477 1211 529 tempore,
1228 485 1336 530 quos
1354 467 1445 513 salli
1458 470 1668 516 existimo.

293 536 376 581 Sed
398 537 594 597 quolibet
629 546 822 597 tempore
866 539 953 582 nati
992 539 1099 595 sint,
1126 549 1295 585 constat
1318 541 1429 585 inter
1450 541 1673 587 historicos

291 623 458 666 graves,
485 608 559 668 qui
578 609 670 653 bace
689 609 865 670 antiqua
887 609 1038 655 litteris
1056 611 1401 668 mandaverunt,
1428 611 1576 658 ambos
1593 613 1674 658 ho-

290 678 427 722 mines
452 677 601 733 fuisse,
643 688 685 723 et
716 679 835 740 quod
864 680 1117 725 mortalibus
1151 682 1206 726 ad
1244 682 1367 726 istam
1394 682 1526 727 vitam
1551 697 1674 728 com-

290 748 460 793 modius
483 748 726 794 ducendam
762 750 971 795 beneficia
1000 750 1136 795 multa
1166 751 1453 808 contulerint,
1490 753 1674 798 honores

290 821 345 865 ab
364 820 421 864 cis
443 820 646 865 meruisse
669 820 848 865 divinos.
871 822 1062 867 Minerva
1076 839 1178 867 vero
1200 823 1328 881 longe
1350 823 1415 867 his
1438 824 1671 885 antiquior.

290 894 399 938 Nam
425 892 690 951 temporibus
708 892 860 950 Ogygii
879 892 932 936 ad
955 892 1123 950 lacum,
1150 894 1227 955 qui
1265 894 1450 939 Tritonis
1489 894 1672 953 dicitur,

290 962 489 1022 virginali
512 963 757 1023 apparuisse
780 962 917 1008 fertur
937 974 1086 1022 {etate3
1111 965 1229 1010 unde
1257 975 1300 1009 ct
1330 966 1518 1011 Tritonia
1557 983 1675 1011 nun-

292 1045 449 1096 cupata
481 1045 543 1080 est
564 1051 571 1076 :
594 1033 831 1079 multorum
866 1052 968 1080 sane
1002 1053 1181 1096 operum
1211 1036 1444 1082 inventrix:
1482 1046 1526 1082 et
1555 1047 1677 1085 tanto

292 1106 524 1168 proclivius
540 1108 617 1150 (lea
641 1106 827 1161 credita,
866 1117 1031 1168 quanto
1056 1108 1196 1152 minus
1220 1109 1337 1166 origo
1356 1109 1446 1170 ejus
1468 1108 1672 1154 innotuit.

294 1179 423 1232 Quod
443 1179 555 1222 enim
576 1179 629 1222 (le
643 1179 780 1238 eapite
803 1182 823 1222 J
831 1179 919 1223 ovis
942 1189 1040 1224 nata
1059 1180 1254 1235 canitur,
1285 1180 1421 1239 poetis
1436 1189 1478 1225 et
1493 1180 1673 1236 fabulis,

294 1265 383 1295 non
405 1249 591 1294 liistorise
610 1249 826 1310 rebusque
850 1250 973 1307 gestis
987 1250 1383 1310 estapplieandum.
1416 1253 1677 1312 Quanquam

294 1321 485 1379 Ogygius
508 1320 597 1379 ipse
614 1319 790 1380 quando
816 1319 957 1375 fuerit,
979 1322 1100 1380 cujus
1120 1320 1387 1381 temporibus
1410 1321 1540 1366 etiam
1561 1320 1677 1366 dilu-

295 1392 412 1435 vium
436 1406 642 1448 magnum
667 1389 830 1434 factum
854 1400 937 1445 est,
961 1407 1048 1434 non
1072 1390 1179 1434 illud
1199 1390 1434 1435 maximum
1457 1407 1546 1452 quo
1568 1390 1678 1436 nulli

296 1462 492 1508 homines
515 1470 762 1516 evaserunt,
784 1461 863 1505 nisi
881 1462 956 1521 qui
979 1462 1021 1504 in
1044 1477 1138 1506 area
1163 1477 1252 1505 esse
1274 1471 1510 1521 potuerunt
1528 1497 1538 1517 ,
1558 1462 1679 1523 quod

297 1533 489 1594 gentium
506 1549 585 1577 nec
602 1548 755 1591 graeca,
768 1549 846 1576 nec
860 1531 990 1576 latina
1006 1532 1125 1577 novit
1138 1532 1312 1577 historia
1323 1535 1431 1591 (20),
1448 1533 1522 1578 sed
1535 1542 1680 1577 tamen

296 1608 436 1668 majus
451 1620 582 1666 quam
604 1613 751 1664 postea
775 1613 967 1664 tempore
990 1603 1260 1648 Deucalionis
1282 1603 1388 1660 fuit,
1411 1604 1523 1649 inter
1544 1604 1679 1664 scrip—-

299 1688 411 1722 tores
434 1675 622 1720 historiae
644 1690 732 1719 non
754 1673 971 1718 convenit.
1000 1676 1107 1718 Nam
1131 1677 1265 1718 Varro
1289 1673 1389 1718 inde
1413 1690 1584 1719 exorsus
1618 1683 1682 1718 est

299 1747 460 1792 librum
482 1781 492 1801 ,
519 1745 638 1804 cujus
664 1744 930 1788 mentionem
955 1743 1149 1803 superius
1174 1742 1256 1788 feei
1273 1779 1283 1799 ,
1308 1753 1351 1787 et
1368 1743 1477 1788 nihil
1495 1744 1575 1788 sibi
1593 1778 1604 1800 ,
1630 1760 1680 1789 ex

298 1834 387 1880 quo
408 1816 631 1877 perveniat
653 1814 707 1858 ad
729 1829 794 1857 res
834 1830 1054 1868 romanaS,
1081 1814 1285 1874 proponit
1308 1814 1526 1874 antiquius
1549 1829 1681 1875 quam

299 1886 456 1948 Ogygii
479 1885 708 1939 diluvium,
730 1885 812 1928 lioe
831 1892 908 1939 est,
923 1883 1249 1942 Ogygiifaetum
1266 1884 1548 1943 temporibus.
1571 1887 1680 1929 Nos-

300 1961 529 2012 triantem,
554 1957 628 2017 qui
647 1955 860 2001 Chronica
883 1955 1159 2014 seripserunt,
1185 1955 1302 2014 prius
1333 1955 1559 2009 Eusebius,
1585 1964 1682 2015 post

301 2032 613 2087 Hieronymus,
634 2028 709 2088 qui
727 2027 1181 2087 utiqueprseeetlentes
1205 2026 1370 2086 aliquos
1392 2025 1615 2070 historicos
1634 2025 1678 2069 in

300 2103 381 2147 liae
394 2101 597 2161 opinione
610 2099 741 2143 secuti
756 2107 871 2153 sunt,
896 2107 990 2157 post
1014 2113 1147 2141 annos
1163 2097 1345 2156 amplius
1367 2106 1680 2157 quamtrecen-

300 2185 381 2228 tos,
421 2173 510 2232 jam
555 2169 743 2214 seeundo
791 2170 1044 2225 Argivorum
1073 2169 1295 2212 Phoroneo
1327 2184 1424 2225 rege
1457 2177 1676 2226 regnante,

300 2244 454 2301 Ogygii
477 2241 688 2285 diluvium
712 2240 840 2283 fuisse
863 2249 1215 2282 emnmemorant.
1246 2239 1329 2283 Sed
1345 2238 1543 2298 quolibet
1572 2248 1681 2283 tem-

300 2330 404 2375 pore.
428 2312 679 2370 fuerit,jam
704 2320 845 2354 tamen
869 2310 1059 2353 Minerva
1092 2318 1299 2369 tanquam
1335 2309 1415 2352 (lca
1435 2307 1675 2363 colebatur,

301 2382 852 2443 regnanteAtheniensibus
874 2384 1078 2440 (hic-rope,
1105 2381 1185 2424 sub
1208 2397 1295 2440 quo
1327 2396 1424 2438 rege
1460 2379 1587 2424 etiam
1610 2381 1677 2440 ip-

301 2473 389 2502 sam
413 2456 480 2502 vel
502 2456 778 2500 instauratam
800 2452 968 2501 t'erunt,
994 2453 1060 2498 vel
1079 2453 1296 2498 conditam
1323 2451 1555 2497 civitatem.
