1742 2860
494 106 547 133 DE
579 105 775 136 mvxTATz
807 104 896 147 Dm,
931 104 1054 134 Lmen
1086 106 1176 135 xvi.
1420 97 1505 139 337

119 172 284 219 sionem
300 187 418 218 nune
441 170 487 216 in
503 171 675 218 Christo
708 170 924 216 cernimus
947 169 1072 216 reddi
1096 187 1107 214 ι
1133 186 1183 217 ex
1203 171 1279 218 illo
1304 172 1507 237 deinceps

118 244 181 291 illi
204 246 406 307 conju'ges
429 260 517 290 non
544 252 757 290 vocantur
785 243 831 288 in
866 243 1121 304 Scripturis,
1147 243 1259 290 sieut
1280 255 1406 293 antea
1426 263 1508 294 vo-

118 317 331 364 cabantur
372 315 535 362 Abram
581 324 625 360 et
669 318 794 373 Sal-33
826 313 901 361 sed
938 315 1050 361 sicut
1086 331 1164 361 nos
1197 332 1268 362 eos
1306 317 1362 362 ab
1385 318 1509 366 initio

116 389 364 434 vocavimus
377 423 387 443 ,
405 387 614 449 quoniam
635 386 695 431 sic
710 387 801 448 jam
819 396 1031 431 vocantur
1052 386 1107 431 ab
1129 387 1350 444 omnibus,
1367 389 1509 436 Abra-

115 459 218 505 ham
240 468 283 503 et
307 461 445 505 Sarra.
478 461 568 505 Cur
590 467 737 503 autem
780 466 997 502 mutatum
1027 458 1081 503 sit
1103 473 1264 503 nomen
1295 459 1507 518 Abrahae,

116 530 285 576 reddita
308 540 370 576 est
394 531 502 576 ratio
524 546 534 573 ε
559 550 580 573 α
606 529 715 584 Quia
733 538 924 590 patrem,
950 530 1115 592 inquit,
1142 529 1380 577 multarum
1403 549 1511 593 gen-

118 620 139 645 »
163 602 274 648 tium
296 603 421 663 posui
443 612 486 647 te
503 604 532 648 ¹.
561 620 582 644 »
610 604 703 646 Hoc
726 617 826 660 ergo
841 601 1082 661 significare
1094 602 1429 663 intelligendum
1447 616 1512 654 est

113 674 334 721 Abraham
370 691 379 716 z
421 674 584 720 Abram
623 689 726 718 vero
748 710 758 729 ,
795 673 915 735 quod
943 683 1043 718 ante
1075 675 1335 733 vocabatur,
1371 677 1509 722 inter-

113 754 309 806 pretatur
351 749 477 790 Pater
499 743 703 789 excelsus.
731 747 792 789 De
816 744 992 789 nomine
1016 754 1159 790 autem
1180 756 1348 793 mutato
1373 750 1510 796 Sarrae

112 827 277 863 nonest
304 817 471 862 reddita
510 817 648 862 ratio:
671 816 770 872 sed,
812 820 923 862 sieut
956 818 1102 875 aiunt,
1139 819 1214 880 qui
1246 821 1511 882 seripserunt

110 891 486 950 interpretationes
523 890 748 934 nominum
795 890 1106 947 Hebraeorum,
1153 908 1252 953 quae
1275 893 1340 939 his
1379 895 1512 941 sacris

115 963 287 1009 Litteris
311 963 615 1018 eontinentur,
664 965 763 1008 Sara
797 963 1107 1023 interpretatur
1143 966 1348 1026 Princeps
1382 982 1511 1027 mea3

115 1037 240 1080 Sarra
263 1044 407 1079 autem
431 1035 592 1078 Virtus.
636 1033 761 1078 Unde
791 1034 1001 1093 seriptum
1039 1045 1103 1080 est
1143 1036 1189 1080 in
1224 1037 1418 1097 Epistola
1456 1038 1514 1085 ad

112 1107 321 1153 Hebraeos
348 1126 356 1152 ε
384 1125 405 1149 (ι
431 1107 538 1150 Fide
556 1115 598 1150 et
619 1107 708 1166 ipsa
746 1109 869 1151 Sarra
890 1107 1097 1151 virtutem
1125 1108 1292 1169 accepit
1309 1109 1364 1155 ad
1386 1110 1516 1155 emis-

115 1197 136 1221 »
162 1179 327 1223 sionem
359 1177 568 1223 sen1inis2.
598 1196 619 1219 »
665 1178 810 1222 Ambo
833 1188 979 1222 autem
1003 1180 1189 1225 seniores
1228 1191 1378 1238 erant,
1404 1182 1516 1232 sicut

113 1250 334 1309 Scriptura
357 1258 540 1293 testatur
559 1267 570 1293 ε
594 1246 671 1293 sed
693 1247 766 1293 illa
789 1249 920 1292 etiam
943 1249 1114 1305 sterilis,
1137 1261 1180 1295 et
1193 1266 1346 1297 eruore
1366 1268 1516 1299 mens·

110 1330 210 1365 truo
228 1323 319 1381 jam
343 1320 548 1365 destituta
563 1356 573 1376 ‚
600 1330 778 1381 propter
801 1320 922 1382 quod
939 1323 1029 1382 jam
1054 1338 1204 1381 parere
1228 1340 1317 1369 non
1341 1336 1513 1386 posset,

111 1394 241 1438 etiam
263 1394 295 1437 si
318 1392 471 1437 sterilis
494 1409 583 1437 non
608 1392 771 1437 suisset.
802 1397 935 1438 Porro
958 1394 991 1438 si
1017 1394 1199 1441 foemina
1226 1397 1284 1441 ita
1319 1398 1373 1442 sit
1410 1416 1515 1460 pro-

111 1464 310 1511 vectioris
333 1464 492 1519 aetatis,
519 1474 568 1508 ut
601 1465 638 1508 ei
681 1463 803 1509 solita
828 1464 1061 1509 mulierum
1096 1466 1240 1512 adhue
1263 1469 1430 1526 fluant,
1461 1470 1516 1516 de

106 1538 268 1598 juvene
291 1552 442 1596 parere
465 1544 631 1595 potest,
658 1536 712 1579 de
726 1536 892 1581 ¹seniore
916 1553 1002 1581 non
1022 1547 1164 1597 potest
1192 1559 1200 1584 :
1227 1541 1424 1602 quamvis
1443 1541 1518 1588 ad-

109 1609 196 1653 hue
220 1606 354 1667 possit
368 1605 440 1650 ille
463 1606 626 1663 senior⁷
653 1608 729 1651 sed
752 1606 806 1651 de
825 1607 1148 1653 adolescentula
1168 1610 1346 1670 gignere
1369 1632 1378 1658 ;
1404 1613 1516 1661 sieut

110 1678 333 1724 Abraham
356 1688 454 1738 post
474 1687 658 1722 mortem
701 1682 837 1723 Sari-ze
880 1678 935 1722 de
976 1679 1167 1725 Cethura
1202 1683 1371 1742 potuit,
1414 1685 1516 1745 quia

110 1748 299 1794 vividam
334 1751 425 1810 ejus
464 1749 630 1792 invenit
657 1758 846 1793 tenuem.
882 1753 974 1793 Hoc
999 1767 1101 1809 ergo
1125 1761 1187 1796 est
1211 1754 1332 1813 quod
1354 1756 1516 1802 mirum

107 1819 386 1866 commendat
414 1818 646 1878 Apostolus
662 1854 674 1874 ‚
695 1829 738 1863 et
761 1819 815 1863 ud
835 1820 916 1863 hoe
940 1820 1045 1864 dicit
1067 1822 1258 1867 Abrahse
1275 1826 1367 1884 jam
1387 1825 1516 1871 fuisse

109 1908 267 1952 corpus
291 1900 539 1934 emortuum
555 1892 569 1916 ³
599 1911 607 1935 z
631 1892 838 1951 quoniam
878 1908 966 1936 non
990 1909 1040 1936 ex
1078 1895 1197 1937 omni
1212 1894 1391 1940 foemina
1407 1934 1418 1952 ‚
1444 1910 1515 1956 cui

110 1973 218 2008 esset
236 1963 379 2007 adhue
397 1962 576 2024 aliquod
599 1961 792 2022 pariendi
820 1972 989 2023 tempus
1012 1974 1276 2021 extremum,
1310 1984 1515 2025 generare

109 2035 199 2096 ipse
214 2035 259 2078 in
277 2033 349 2078 illa
368 2044 494 2078 {etate
511 2033 654 2078 adhue
670 2043 829 2094 posset.
851 2034 920 2079 Ad
943 2035 1109 2096 aliquid
1125 2037 1239 2081 enim
1259 2050 1511 2086 emortuum

109 2123 265 2167 corpus
276 2105 516 2165 intelligere
526 2106 681 2152 (lehem
690 2123 753 2161 us,
766 2123 854 2150 non
869 2106 924 2150 ad
938 2108 1216 2153 omnia.N;un
1232 2110 1264 2155 si
1280 2111 1334 2155 ad
1349 2114 1511 2170 omnia,

110 2194 198 2222 non
215 2178 305 2238 jam
329 2187 526 2222 senectus
543 2177 651 2231 vivi,
684 2177 759 2222 sed
783 2177 965 2222 cadaver
992 2188 1055 2223 est
1091 2181 1267 2225 mortui.
1305 2185 1514 2236 Quamvis

110 2249 240 2293 etiam
263 2248 321 2293 sie
342 2247 447 2292 solvi
467 2247 601 2292 soleat
625 2248 702 2292 ista
724 2248 1055 2309 quaesti0‚quod
1074 2249 1127 2294 (le
1142 2253 1333 2297 Cethura
1367 2264 1515 2313 postea

113 2320 266 2380 genuit
287 2319 507 2364 Abraham
525 2355 535 2375 ‚
562 2320 637 2381 qui
664 2320 867 2378 gignendi
913 2320 1077 2364 donum
1098 2358 1107 2376 ‚
1134 2324 1254 2383 quod
1279 2341 1301 2367 a
1325 2326 1513 2370 Domino

111 2390 297 2452 accepit,
334 2390 464 2434 etiam
484 2400 581 2450 post
603 2390 773 2435 obitum
797 2392 953 2436 mansit
980 2392 1136 2437 uxoris.
1166 2393 1250 2438 Sed
1287 2405 1516 2456 propterea

158 2479 260 2513 ³Gen.
278 2477 403 2520 xv11,5.
428 2494 469 2503 —
496 2477 616 2514 2Ποιηκ
638 2488 686 2521 xi,
708 2489 757 2513 11.
775 2495 816 2504 -·-·
843 2477 962 2514 3Ριοιη.
987 2491 1030 2523 iv,
1056 2490 1104 2524 ¹9·

325 2546 385 2574 cx:
1231 2535 1283 2578 22
