1742 2860
238 72 322 121 342
680 91 713 115 s.
749 87 975 117 Atets‘imi
1009 91 1187 119 Eriscom

234 236 722 256 mmmmm>smm*M1
728 241 862 257 §mnus
870 242 1074 259 UVUWWQNUM
1080 243 1287 259 ΣΛΑΝἉἮὬὶνᾺ
1293 243 1606 261 §mmmmm

693 383 907 434 CAPUT
942 386 1150 434 XXXII.

231 525 308 572 De
330 524 603 571 obedientia
625 535 670 573 et
676 526 784 589 fide
814 526 1032 574 Abrahae
1049 565 1063 585 ,
1083 544 1178 587 qua
1210 545 1302 589 per
1321 527 1610 577 oblationem

261 596 546 645 immolandi
563 597 666 660 filii
695 597 928 659 probatus
951 610 1047 656 est,
1069 610 1114 645 et
1150 600 1208 646 (le
1225 612 1374 647 morte
1394 602 1574 649 Sarrae.

293 762 326 803 1.
364 761 497 804 INTER
516 759 609 804 haee
626 795 637 815 ,
658 775 757 821 quae
773 762 915 805 omnia
938 778 1276 807 commemorare
1293 764 1420 808 nimis
1432 763 1613 823 longum

230 837 322 883 est,
356 837 549 878 tentatur
585 830 805 875 Abraham
833 830 887 875 de
917 832 1184 877 immolando
1217 832 1494 879 dilectissimo
1524 833 1614 879 filio

230 898 323 959 ipso
346 900 463 945 isaac
482 901 512 956 ¹,
537 908 587 944 ut
603 899 673 960 pia
691 901 782 961 ejus
804 899 1051 946 obedientia
1073 903 1333 962 probaretur
1348 939 1358 959 ‚
1384 903 1551 949 saeeulis
1568 903 1615 948 in

232 969 429 1015 notitiam
461 969 746 1031 proferenda,
783 988 872 1017 non
905 975 1009 1017 Deo.
1047 976 1198 1034 Neque
1235 975 1350 1018 enim
1385 975 1524 1019 omnis
1552 983 1615 1019 est

231 1041 447 1104 culpanda
470 1043 680 1101 tentati03
713 1045 814 1104 quia
847 1053 888 1088 et
913 1044 1170 1104 gratulanda
1199 1055 1288 1102 est,
1320 1063 1405 1108 qua
1434 1048 1483 1091 fit
1510 1063 1614 1107 pro-

230 1111 364 1157 batio.
396 1115 453 1158 Et
481 1112 742 1175 plerumque
764 1113 888 1158 aliter
910 1116 1078 1159 animus
1102 1117 1318 1160 humanus
1341 1117 1422 1161 sibi
1444 1117 1523 1177 ipsi
1545 1117 1615 1161 in-

232 1193 453 1231 notescere
475 1201 565 1229 non
583 1194 726 1245 potest
742 1221 752 1240 ‚
773 1186 854 1230 nisi
875 1186 985 1231 vires
1008 1203 1103 1231 suas
1121 1188 1199 1231 sibi
1216 1223 1226 1243 ‚
1252 1204 1342 1232 non
1358 1188 1492 1233 verbo
1508 1223 1519 1244 ‚
1540 1187 1617 1233 sed

230 1257 551 1317 experimento,
602 1257 842 1301 tentatione
884 1257 1075 1317 quodam
1117 1258 1249 1303 modo
1291 1259 1586 1318 interrogante
1601 1295 1612 1314 ,

230 1325 491 1387 respondeat
512 1346 520 1371 :
554 1326 631 1370 ubi
659 1327 692 1371 si
714 1328 791 1372 Dei
818 1343 977 1372 munus
1000 1329 1248 1387 agnoverit,
1275 1339 1381 1374 tune
1403 1330 1500 1389 pius
1523 1338 1611 1384 est,

230 1407 337 1442 tunc
355 1395 564 1441 solidatur
586 1397 789 1442 firmitate
808 1398 953 1457 gratiae
967 1433 977 1453 ,
1001 1414 1090 1442 non
1112 1399 1290 1443 inflatur
1307 1399 1514 1443 inanitate
1527 1398 1616 1460 jac-

231 1467 394 1512 tantiae.
424 1469 660 1528 Nunquam
682 1482 782 1512 sane
804 1467 999 1513 erederet
1021 1469 1263 1525 Abraham,
1289 1468 1409 1529 quod
1430 1469 1614 1514 victimis

230 1542 344 1584 Deus
366 1537 655 1583 delectaretur
683 1539 885 1583 humanis
916 1558 925 1584 ε
954 1540 1175 1601 quamvis,
1211 1541 1359 1585 divino
1389 1540 1615 1585 intonante

231 1618 449 1670 praeeepto
466 1644 476 1664 ‚
503 1608 799 1654 obediendum
817 1609 893 1664 sit,
920 1625 1009 1653 non
1031 1609 1361 1669 disputandum.
1383 1612 1616 1655 Verumta-

230 1697 332 1725 men
354 1680 575 1728 Abraham
596 1679 825 1724 confestim
848 1680 1011 1735 filium,
1046 1697 1146 1724 eum
1171 1680 1320 1725 fuisset
1341 1681 1612 1736 immolatus,

231 1760 578 1796 resurrecturum
604 1751 834 1796 credidisse
855 1750 1100 1795 laudandus
1119 1760 1197 1795 est.
1225 1752 1397 1796 Dixerat
1426 1768 1616 1813 namque

230 1822 293 1867 illi
310 1825 424 1867 Deus
440 1857 451 1878 ‚
487 1837 587 1866 cum
612 1821 666 1866 de
688 1821 842 1866 aneilla
872 1829 915 1865 et
935 1821 1025 1866 filio
1048 1823 1139 1883 ejus
1162 1821 1274 1867 foras
1297 1822 1517 1883 ejiciendis
1539 1839 1617 1867 vo-

231 1892 444 1937 luntatem
467 1891 661 1953 conjugis
682 1891 818 1936 nollet
840 1891 1018 1952 implere
1046 1910 1054 1936 :
1110 1910 1130 1935 «
1166 1896 1216 1936 In
1248 1895 1363 1937 Isaac
1390 1893 1618 1937 vocabitur

235 1983 256 2005 n
290 1964 371 2008 tibi
401 1980 549 2008 semen
563 1967 595 2008 ².
623 1982 645 2005 n
680 1966 736 2008 Et
757 1973 873 2008 certe
894 1964 955 2007 ibi
988 1964 1184 2025 sequitur
1206 1980 1255 2008 ae
1281 1963 1465 2009 dieitur:
1493 1983 1514 2006 «
1540 1967 1571 2008 F
1577 1964 1616 2007 i·-

234 2053 255 2078 »
289 2034 398 2079 lium
427 2044 572 2079 autem
600 2034 767 2079 ancillae
794 2036 923 2096 hujus
951 2035 997 2078 in
1026 2051 1227 2094 magnam
1262 2044 1433 2094 gentem
1460 2034 1615 2079 faciam

235 2123 255 2146 »
290 2104 445 2162 illum3
477 2106 578 2165 quia
610 2121 757 2148 semen
793 2113 920 2148 tuum
952 2106 1060 2149 051³.
1097 2124 1116 2146 »
1143 2105 1373 2158 Quomodo
1396 2120 1497 2164 ergo
1520 2104 1615 2150 die-

233 2184 328 2220 tum
341 2184 402 2220 est
426 2195 434 2221 :
465 2195 485 2219 ‹<
511 2178 562 2220 In
581 2178 695 2220 Isaac
713 2176 941 2220 vocabitur
954 2175 1034 2219 tihi
1057 2192 1218 2231 semen,
1239 2195 1258 2216 >›
1281 2192 1382 2220 eum
1395 2186 1437 2220 et
1452 2179 1614 2220 Ismae‘-

233 2245 319 2291 lem
340 2249 453 2292 Deus
475 2262 620 2291 semen
643 2248 732 2307 ejus
748 2247 994 2291 vocaverit?
1011 2249 1241 2307 Exponens
1260 2257 1404 2291 autem
1427 2250 1615 2307 Aposto-

234 2316 301 2361 lus
337 2316 444 2379 quid
472 2316 526 2361 sit
550 2337 558 2362 z
593 2336 612 2360 «
649 2319 699 2362 In
726 2320 843 2362 Isaac
866 2316 1094 2362 vocabitur
1122 2318 1201 2362 tihi
1230 2334 1375 2363 semen
1407 2337 1415 2362 ;
1447 2317 1497 2361 Id
1524 2327 1611 2374 est,

283 2443 386 2473 ¹Gen.
403 2451 480 2481 xxn,
506 2452 533 2473 1.
555 2457 594 2464 --·
623 2441 690 2474 ²ld.
714 2452 775 2482 xxx,
798 2450 847 2473 12.
869 2457 909 2464 —-·
937 2439 1040 2474 3lbid.
1067 2442 1115 2473 13.
