1742 2860
446 148 499 175 DE
530 144 726 174 c1vlTATE
759 148 846 185 Dm,
882 147 1007 174 LIBER
1039 148 1148 174 xvu.
1392 138 1476 177 375

88 229 110 253 »
132 211 301 267 tiam1,»
318 212 364 257 id
375 222 452 267 est,
470 228 602 274 quam
614 211 689 256 dat
700 212 866 257 homini
880 215 1010 266 Deus,
1032 212 1106 272 qui
1122 211 1236 255 solus
1248 221 1310 256 est
1322 214 1466 273 justus

90 284 409 344 etjustifieans3
433 294 510 329 et«
529 287 659 329 Suam
681 284 875 329 volentes
889 284 1216 339 constitum-ez»
1244 282 1288 327 id
1306 293 1384 337 est,
1398 302 1475 329 ve-

86 354 154 399 lut
174 371 198 399 a
215 371 258 400 se
276 357 357 401 sibi
371 366 555 417 partam,
577 372 666 401 non
683 356 737 400 ab
751 355 827 400 illo
845 356 1107 416 impertitam
1126 376 1134 400 :
1157 376 1176 397 ι(
1190 355 1375 399 ,Iustitiae
1397 357 1475 399 Dei

87 443 108 467 υ
142 441 233 471 non
254 436 356 472 sunt
376 426 594 488 subjecti³,
624 445 644 468 ³>
670 427 823 487 utique
854 427 955 488 quia
987 427 1186 487 superbi,
1213 426 1267 470 de
1289 443 1368 471 suo
1390 443 1476 486 pu—

85 506 226 542 tantes
242 534 253 554 ,
279 515 369 544 non
397 498 451 543 de
479 499 584 555 Dei,
610 515 734 559 posse
759 498 929 559 plaeere
952 515 995 543 se
1020 503 1134 553 Deo,
1168 498 1245 560 qui
1277 508 1341 542 est
1363 502 1478 542 Deus

83 569 378 627 scientiarum,
400 581 531 632 atque
553 570 652 616 ideo
675 580 719 615 et
741 571 901 615 arbiter
925 571 1303 625 conscientiarum,
1329 570 1391 614 ibi
1412 571 1478 614 vi-

84 640 190 686 dens
205 642 488 701 cogitationes
506 642 751 697 hominum,
769 642 977 702 quoniam
989 658 1113 686 vanae
1128 643 1265 696 sunt4,
1280 642 1314 686 si
1330 641 1475 685 homi-

82 728 190 757 num
227 723 350 770 sunt,
372 723 415 758 et
438 714 493 758 ab
515 713 591 759 illo
609 730 698 759 non
720 723 836 758 sunt.
877 734 897 756 «
918 717 974 758 Et
995 729 1241 774 praeparans
1267 749 1277 768 ,
1312 712 1480 773 inquit,

85 801 107 825 »
141 783 468 830 adinventiones
491 801 602 829 suas.
623 803 644 825 »
671 788 787 838 Quas
805 784 1133 829 adinventiones
1155 794 1375 844 putamus,
1392 783 1475 826 nisi

81 864 133 900 ut
154 856 330 916 superbi
352 856 526 912 cadant,
548 865 591 901 et
611 856 797 901 humiles
820 859 1031 916 surgant?
1056 859 1141 901 Has
1164 856 1327 917 quippe
1350 854 1471 899 adin-

81 927 312 972 ventiones
339 929 583 988 exequitur,
617 927 763 972 dicens
791 947 799 972 ε
830 948 849 970 «
871 932 1006 972 Areus
1028 928 1275 988 potentium
1294 927 1486 970 infirma-

87 1015 108 1039 »
145 1007 215 1042 tus
238 1007 316 1053 est,
343 1008 385 1042 et
409 999 571 1042 infirmi
594 999 817 1059 praeeineti
845 1008 946 1043 sunt
969 999 1145 1043 virtute.
1180 1017 1199 1039 n
1228 998 1478 1041 Infirmatus

81 1078 145 1113 est
181 1085 328 1125 arcus,
360 1070 407 1113 id
429 1078 518 1125 est,
552 1070 737 1113 intentio
760 1086 932 1124 eorum,
962 1070 1037 1130 qui
1060 1080 1149 1113 tam
1170 1077 1371 1128 potentes
1394 1067 1475 1111 sibi

78 1139 298 1194 videntur,
324 1149 374 1183 ut
395 1140 486 1184 sine
510 1139 586 1184 Dei
609 1139 727 1184 dono
751 1150 882 1201 atque
900 1140 1115 1200 adjutorio
1134 1140 1323 1183 humana
1349 1139 1474 1181 suili—

79 1209 235 1254 cientia
257 1209 403 1254 divina
426 1210 592 1269 possint
613 1209 793 1270 implere
820 1211 1026 1254 mandata
1048 1232 1058 1267 3
1087 1220 1130 1253 et
1155 1209 1485 1269 przeeinguntur

78 1280 240 1325 virtute
257 1317 267 1337 ,
306 1297 496 1342 quorum
528 1282 698 1326 interna
731 1298 813 1326 vox
846 1291 910 1326 est
937 1302 945 1326 ς
977 1302 997 1324 ι(
1018 1282 1223 1326 Miserere
1246 1281 1331 1325 mei
1355 1316 1365 1336 ,
1394 1284 1483 1325 Do·-

81 1369 102 1393 ))
137 1353 271 1407 mine,
297 1353 507 1413 quoniam
530 1353 726 1397 infirmus
750 1355 880 1398 sum5.
907 1371 926 1393 >›

140 1427 215 1468 IV.
254 1443 274 1467 α
300 1424 420 1469 Pleni
455 1425 666 1484 panibus,
708 1425 879 1486 inquit,
919 1424 1118 1469 minorati
1150 1433 1277 1477 sunt,
1314 1432 1356 1467 et
1388 1438 1485 1467 esu-

87 1511 109 1534 »
145 1493 303 1538 rientes
326 1495 594 1538 transierunt
616 1505 821 1539 terram.»
849 1495 934 1548 Qui
953 1504 1053 1538 sunt
1071 1493 1341 1552 intelligendi
1365 1493 1485 1552 pleni

87 1564 275 1623 panibus
292 1600 302 1619 ,
329 1564 409 1608 nisi
433 1564 563 1608 iidem
586 1565 665 1624 ipsi
689 1565 810 1625 quasi
833 1575 1048 1624 potentes,
1075 1565 1116 1608 id
1143 1574 1221 1618 est,
1250 1562 1454 1607 Ismeniae
1471 1598 1481 1617 ,

80 1634 241 1694 quibus
274 1635 438 1679 eredita
472 1644 573 1679 sunt
601 1634 773 1696 eloquia
802 1636 942 1680 Dciss?
967 1634 1051 1680 Sed
1072 1635 1117 1677 in
1141 1650 1192 1677 eo
1216 1633 1380 1693 popqu
1405 1650 1484 1677 an—

80 1705 191 1750 cillae
214 1705 292 1750 filii
313 1707 517 1751 minorati
542 1716 644 1751 sunt
669 1727 677 1752 :
701 1724 790 1768 quo
810 1708 946 1752 verbo
966 1707 1108 1750 minus
1127 1705 1306 1767 quidem
1329 1704 1480 1759 latino,

78 1777 193 1821 bene
225 1787 372 1821 tamen
401 1794 647 1837 expressum
676 1788 763 1833 est,
801 1778 920 1839 quod
955 1795 1005 1822 ex
1028 1778 1265 1837 majoribus
1292 1778 1481 1820 minores

78 1847 306 1908 faeti-sunt
326 1867 335 1893 ;
356 1848 458 1908 quia
476 1857 519 1891 et
541 1848 585 1891 in
602 1848 702 1907 ipsis
722 1849 919 1907 panibus,
941 1847 987 1891 id
1001 1857 1079 1902 est,
1102 1847 1257 1891 divinis
1276 1847 1474 1906 eloquiis,

83 1935 183 1979 quae
208 1918 413 1964 Israelitae
435 1918 513 1962 soli
536 1928 642 1962 tune
665 1934 716 1963 ex
738 1919 942 1962 omnibus
970 1918 1172 1976 gentibus
1195 1926 1474 1977 acceperunt,

80 1998 254 2034 terrena
284 1990 473 2049 sapiunt.
513 1991 672 2034 Gentes
706 1999 868 2045 autem,
904 1989 1065 2050 quibus
1087 1989 1155 2033 lex
1177 1989 1249 2033 illa
1278 2005 1368 2033 non
1391 1998 1483 2032 erat

82 2060 185 2106 data
202 2097 213 2110 ,
240 2071 522 2122 posteaquam
565 2077 642 2121 per
673 2064 846 2106 Novum
877 2065 1200 2105 Testamentum
1225 2060 1279 2104 ad
1302 2061 1476 2121 eloquia

79 2132 154 2177 issa
175 2143 406 2189 venerunt,
426 2133 617 2177 multum
640 2133 869 2177 esuriendo
884 2142 1042 2178 terram
1064 2133 1326 2177 transierunt
1345 2153 1355 2190 3
1375 2132 1476 2193 quia

81 2203 128 2248 'm
158 2204 216 2248 eis
247 2220 337 2249 non
369 2215 561 2260 terrena,
587 2203 661 2248 sed
683 2204 873 2248 coelestia
898 2213 1149 2264 sapuerunt.
1176 2205 1233 2247 Et
1255 2203 1337 2248 hoc
1359 2202 1481 2247 velut

81 2284 352 2334 quaereretur
381 2291 507 2319 eausa
541 2291 618 2318 eur
648 2273 811 2318 factum
835 2275 888 2318 sit
916 2294 923 2318 :
954 2273 1095 2326 «Quia
1119 2272 1286 2327 sterilis,
1314 2273 1472 2332 inquit,

86 2363 108 2387 n
142 2346 310 2406 peperit
330 2356 510 2406 septem,
537 2356 579 2390 et
595 2345 732 2390 multa
758 2347 799 2389 in
817 2345 911 2389 titiis-
929 2346 1143 2388 inssrmata
1166 2358 1272 2388 est.»
1301 2344 1381 2387 Hie
1406 2353 1473 2387 to-

132 2458 141 2475 ¹
159 2455 249 2484 Rom.
270 2465 311 2494 x,
331 2454 360 2484 3.
380 2470 420 2475 —-
445 2451 790 2485 ⁹1i2id.—-?·1t·i„¹.—
810 2452 823 2477 4
844 2453 921 2484 isui.
947 2463 1043 2493 xciii,
1069 2455 1115 2484 ij.
1148 2470 1187 2474 --
1236 2454 1280 2483 121.
1300 2463 1330 2484 vr
1346 2476 1355 2492 ,
1376 2453 1406 2483 3.
1431 2467 1474 2474 —-

89 2504 209 2541 finoni,
230 2518 275 2549 iu,
297 2516 329 2539 2.
