1742 2860
292 134 375 174 276
724 147 757 172 s.
793 144 812 171 Α
822 144 1020 172 ῑ’·αῐτῖ.ςτι’ῑκ’ῐ
1053 145 1233 172 miscui-t

287 285 426 305 Νννννννὶ
432 285 496 303 ’ΜΝ
502 283 1061 302 meumkwmwtmmvm
1066 284 1272 302 xmwm!
1278 284 1483 304 mmm}
1489 286 1661 305 NVBRWWW

749 418 965 472 CAPUT
1010 422 1196 473 XXVI.

288 554 436 621 Quod
459 569 594 611 arca,
618 569 764 614 qaam
777 551 1062 615 Noe'jusszcs
1083 563 1153 599 est
1157 553 1356 619 facere,
1374 555 1424 602 ιή
1445 552 1662 603 omnibus

518 625 759 671 Christum
773 624 1142 687 Ecclesiamque
1161 626 1410 690 algnificet.

336 770 371 812 1.
417 766 619 809 JAMVERO
653 761 773 823 quod
802 763 893 806 No'o
915 760 1080 806 homini
1103 762 1249 822 justo,
1293 770 1336 806 et
1365 761 1475 806 sicut
1502 760 1556 806 de
1582 761 1658 809 illo

278 838 496 898 Scriptura
518 834 703 880 veridica
727 833 922 894 loquitur
946 833 988 877 in
1011 849 1085 878 sua
1109 834 1384 892 generatione
1406 832 1620 894 perfecto¹
1641 869 1652 890 ‚

273 914 391 972 (non
409 909 559 969 utique
576 907 685 951 sicut
703 903 953 966 perficiendi
975 914 1076 948 sunt
1093 905 1205 949 cives
1220 905 1412 950 Civitatis
1428 905 1503 949 Dei
1522 906 1566 949 in
1583 903 1656 951 illa

271 979 595 1029 immortalitate
609 1015 619 1033 ,
636 994 720 1040 qua
734 977 1026 1038 aequabuntur
1040 975 1213 1035 Angelis
1229 976 1304 1021 Dei
1318 1012 1328 1031 ,
1350 975 1426 1021 sed
1441 977 1550 1022 sicut
1565 992 1654 1022 esse

271 1062 451 1116 possunt
480 1052 524 1095 in
553 1051 632 1094 hac
666 1048 1009 1110 peregrinatione
1038 1046 1278 1108 perfecti,)
1306 1048 1487 1107 imperat
1510 1051 1649 1104 Deus,

271 1136 320 1171 ut
342 1139 484 1169 arcam
508 1121 656 1175 faciat,
677 1120 721 1164 in
744 1135 830 1179 qua
851 1134 951 1163 cum
975 1118 1060 1162 suis
1076 1153 1086 1171 ‚
1113 1117 1158 1162 id
1180 1127 1243 1161 est
1257 1153 1268 1173 7
1290 1133 1422 1162 uxore
1438 1153 1449 1174 ‚
1475 1118 1592 1175 filiis,
1610 1128 1654 1163 et

270 1197 452 1243 nuribus
470 1230 480 1250 ‚
509 1203 552 1237 θῖ
574 1207 675 1236 cum
697 1188 954 1234 animalibus
970 1225 980 1245 ‚
1012 1206 1110 1250 quae
1141 1188 1195 1232 ad
1217 1188 1340 1233 illum
1367 1205 1417 1234 ex
1439 1190 1516 1234 Dei
1539 1206 1654 1250 prae-

267 1278 394 1328 cepto
407 1267 450 1310 in
465 1279 606 1309 arcam
621 1264 807 1321 ingressa
822 1270 923 1305 sunt
933 1296 943 1316 ,
960 1260 1217 1305 liberaretur
1231 1277 1253 1304 a
1267 1259 1417 1304 diluvii
1431 1261 1648 1321 vastitate3

268 1337 421 1400 procul
443 1335 579 1380 dubio
600 1334 738 1392 figura
761 1340 823 1375 est
845 1331 1156 1391 peregrinantis
1185 1331 1230 1375 in
1252 1331 1335 1376 hoc
1357 1330 1516 1376 saeculo
1533 1332 1651 1377 Civi-

266 1410 363 1454 tatis
382 1406 480 1460 Dei,
506 1405 588 1448 hoc
611 1412 673 1446 est
688 1438 698 1457 ‚
724 1400 927 1446 Ecclesiae
942 1436 952 1455 ,
980 1417 1078 1461 quae
1098 1401 1146 1444 fit
1167 1399 1279 1445 salva
1300 1417 1375 1460 per
1395 1400 1564 1460 lignum
1581 1422 1590 1448 ·.
1606 1403 1652 1447 in

265 1496 354 1541 quo
376 1475 584 1538 pependit
614 1471 829 1518 Mediator
851 1473 927 1515 Dei
949 1481 992 1516 θῖ
1022 1472 1247 1516 hominum
1275 1472 1408 1516 homo
1439 1473 1651 1519 Christus-

265 1551 432 1596 Jesus2.
458 1549 567 1592 Nam
602 1553 644 1588 θῖ
667 1558 881 1586 mensurae
910 1541 1011 1601 ipsae
1034 1540 1317 1600 longitudinis
1332 1577 1342 1597 ‚
1379 1541 1617 1588 altitudinis
1634 1580 1646 1601 ‚

263 1617 592 1676 latitudinisque
608 1614 697 1673 ejus
711 1647 721 1666 ‚
738 1612 981 1670 significant
1000 1627 1156 1672 corpus
1170 1612 1411 1655 humanum
1429 1647 1441 1667 ,
1465 1613 1509 1656 in
1527 1615 1648 1674 cujus

262 1690 444 1737 veritato
468 1685 522 1730 ad
544 1683 739 1728 homines
761 1681 1077 1741 praenuntiatus
1101 1690 1163 1725 est
1183 1691 1391 1726 venturus
1409 1718 1419 1738 ‚
1446 1692 1487 1727 θῖ
1508 1684 1642 1729 venit.

264 1759 455 1808 Humani
473 1757 634 1817 quippe
652 1752 842 1812 corporis
859 1751 1087 1810 longitudo
1106 1768 1128 1796 a
1149 1753 1308 1797 vertice
1325 1769 1463 1815 usque
1481 1754 1535 1799 ad
1550 1770 1647 1800 ves-

261 1833 363 1891 tigia
384 1828 515 1873 sexies
538 1834 706 1869 tantum
725 1822 858 1867 habet
873 1857 883 1877 ,
909 1838 1039 1882 quam
1059 1821 1244 1867 latitudo
1257 1858 1269 1879 ‚
1286 1840 1385 1884 quae
1402 1834 1465 1869 est
1483 1825 1536 1869 ab
1554 1842 1644 1871 uno

261 1903 395 1949 latero
413 1898 467 1943 ad
482 1897 666 1941 alterum
679 1893 790 1937 latus
807 1914 817 1950 3
836 1902 878 1937 et
899 1892 1039 1937 decies
1057 1902 1225 1937 tantum
1238 1929 1248 1949 ‚
1274 1910 1405 1954 quam
1427 1893 1610 1941 altitudo
1628 1932 1639 1953 ,
1670 1900 1675 1904 “

261 1975 383 2034 cujus
406 1967 643 2015 altitudinis
659 1981 858 2009 mensura
873 1974 935 2008 est
950 1965 993 2007 in
1011 1963 1144 2008 latere
1162 1982 1184 2008 a
1203 1963 1330 2009 dorso
1344 1965 1399 2010 ad
1420 1975 1638 2014 ventrem:

259 2044 381 2090 velut
410 2042 442 2085 si
464 2042 679 2100 jacentem
702 2036 922 2079 hominem
945 2035 1131 2079 metiaris
1161 2036 1391 2095 supinum,
1430 2053 1504 2082 seu
1537 2055 1640 2098 pro-

260 2129 392 2167 nume
418 2111 548 2155 sexies
572 2117 740 2151 tantuin
763 2105 917 2163 longus
940 2115 1002 2149 est
1025 2122 1047 2149 a
1077 2106 1215 2165 capite
1248 2106 1303 2150 ad
1331 2105 1483 2166 pedes,
1508 2125 1640 2168 quam

258 2184 370 2230 latus
393 2199 415 2226 a
439 2181 586 2224 dextra
610 2178 654 2222 in
681 2177 893 2221 sinistram
908 2211 918 2231 ,
940 2174 1009 2220 vel
1038 2192 1061 2219 a
1083 2176 1249 2220 sinistra
1282 2177 1324 2220 in
1351 2177 1572 2238 dextram3
1596 2189 1640 2225 et

259 2255 399 2301 decios
415 2289 426 2307 ‚
452 2266 583 2312 quam
602 2248 713 2292 altus
731 2264 752 2291 a
777 2257 904 2290 terra.
933 2246 1055 2291 Unde
1084 2245 1193 2291 saeta
1221 2257 1284 2292 est
1306 2264 1400 2293 arca
1420 2258 1636 2295 trecento-

258 2341 355 2371 rum
377 2325 421 2367 in
452 2319 725 2380 longitudine
754 2317 1003 2361 cubitorum
1020 2353 1030 2371 ‚
1063 2326 1105 2360 et
1127 2318 1441 2378 quinquaginta
1466 2319 1509 2363 in
1537 2319 1636 2365 lati-

258 2396 433 2452 tudine,
459 2403 501 2438 θῖ
514 2391 689 2452 triginta
710 2389 755 2433 iu
778 2387 1021 2433 altitudine.
1048 2391 1105 2434 Et
1126 2389 1246 2449 quod
1262 2390 1417 2436 ostium
1441 2390 1486 2437 in
1502 2390 1634 2437 latere

304 2504 400 2536 :Ge-n.
425 2512 456 2534 vi
472 2527 479 2534 ,
494 2510 525 2542 9.
544 2515 584 2521 -
602 2505 639 2529 ²1
667 2495 745 2530 Tim.
762 2506 783 2525 n
797 2521 804 2529 ,
832 2493 861 2527 ξι,
