1742 2860
475 173 529 199 DE
560 169 755 200 crvrrATE
788 172 877 210 DEI,
913 171 1035 199 mimi
1066 172 1192 200 xvm.
1437 161 1514 202 461

137 237 395 294 exercitatae,
430 252 530 299 quae
553 252 643 285 non
671 236 796 283 facile
829 236 1049 293 cederent,
1083 246 1126 282 et
1148 252 1253 298 quas
1276 252 1385 298 opus
1413 247 1521 284 esset

136 309 384 368 ingentibus
411 309 612 369 perieulis
652 318 694 353 et
737 309 975 354 vastatione
1014 309 1221 370 utrinque
1265 325 1355 354 non
1389 325 1521 370 parva

137 389 267 442 atque
305 380 524 425 horrendo
563 380 711 425 labore
750 381 954 440 superari.
993 383 1099 426 Nam
1131 379 1306 441 quando
1342 396 1522 439 regnum

136 451 409 509 Assyriorum
436 460 573 496 totam
596 467 706 512 pene
732 451 877 496 Asiam
899 451 1161 512 subjugavit,
1195 450 1294 495 lieet
1318 450 1523 497 bellando

136 522 189 566 sit
206 522 385 576 factum,
405 538 493 566 nou
515 530 660 566 tamen
680 522 869 566 multum
887 522 1042 582 asperis
1065 531 1106 565 et
1129 521 1376 566 difficilibus
1401 522 1523 568 bellis

136 593 227 636 fieri
249 594 407 653 potuit,
431 594 529 654 quia
550 593 676 637 rudes
692 592 834 637 adhue
850 592 903 636 ad
920 592 1202 638 resistendum
1221 603 1367 651 gentes
1384 604 1521 649 erant,

137 679 217 708 nee
249 673 338 708 tam
373 663 542 719 multae,
574 663 643 708 vel
674 673 763 708 tam
793 679 976 721 magum.
1023 662 1247 724 Siquidem
1283 673 1381 724 post
1415 664 1526 710 illud

136 735 374 779 maximum
412 744 542 796 atque
570 735 809 779 universale
845 734 1075 789 diluvium,
1108 751 1206 778 eum
1236 736 1279 778 in
1312 751 1406 779 area
1434 738 1525 781 Noe

138 815 236 851 octo
271 806 349 852 soli
382 805 580 850 homines
622 814 867 860 evaserunt,
914 806 1015 850 anni
1048 822 1136 850 non
1169 806 1308 850 multo
1341 807 1526 867 amplius

137 893 267 940 quam
312 877 430 921 mille
474 877 744 932 transierant,
789 875 965 937 quando
1005 876 1141 922 Ninus
1183 878 1326 922 Asiam
1363 887 1522 932 totam,

138 957 315 1008 excepta
340 948 477 1003 India,
501 948 760 1009 subjugavit.
784 951 921 993 Roma
941 963 1043 993 vero
1070 956 1131 993 tot
1150 957 1295 1006 gentes
1313 957 1354 993 et
1377 950 1529 994 Orien-

137 1018 189 1063 tis
210 1028 253 1063 et
272 1019 535 1075 Occidentis,
557 1035 662 1080 quas
682 1018 863 1078 imperio
883 1035 1063 1064 romano
1079 1019 1273 1064 subditas
1291 1019 1523 1075 cernimus,

135 1106 224 1136 non
247 1105 293 1135 ea
312 1089 529 1135 eeleritate
551 1106 599 1134 ae
623 1089 826 1134 facilitate
844 1090 1116 1149 perdomuit3
1142 1091 1348 1150 quoniam
1372 1089 1527 1150 paula-

136 1161 215 1206 tim
242 1160 471 1206 crescendo
502 1161 699 1205 robustas
727 1176 796 1204 eas
833 1169 875 1204 et
907 1160 1143 1216 bellicosas,
1182 1177 1528 1222 quaquaversum

136 1233 413 1287 dilatabatur,
446 1233 626 1278 invenit.
666 1236 876 1295 Tempore
909 1233 1038 1291 igilur
1066 1249 1155 1293 quo
1186 1236 1323 1278 Roma
1354 1232 1529 1278 condita

136 1313 215 1361 est,
248 1304 434 1366 populus
474 1303 603 1349 Isra'e'l
634 1303 824 1348 babebat
856 1303 899 1347 iu
929 1313 1041 1347 terra
1072 1303 1364 1365 promissionis
1394 1320 1530 1349 annos

134 1373 607 1437 septingentos-decem
647 1383 689 1418 et
731 1382 844 1419 octo.
880 1377 946 1420 Ex
983 1374 1142 1435 quibus
1186 1373 1529 1434 viginti-septem

135 1447 356 1509 pertinent
395 1445 450 1491 ad
471 1449 620 1491 ,Iesum
665 1448 799 1501 Nave,
835 1444 992 1490 deinde
1026 1445 1079 1490 ad
1116 1454 1285 1506 tempus
1321 1444 1528 1492 Judieum

137 1518 693 1577 trecenti-viginti-novem.
712 1519 776 1561 Ex
800 1533 888 1578 quo
912 1526 1058 1561 autem
1080 1517 1138 1560 ibi
1164 1520 1301 1574 Reges
1324 1532 1412 1560 esse
1435 1531 1528 1561 eoe-

136 1599 306 1651 perant,
329 1590 429 1634 anni
444 1597 566 1633 erant
586 1588 1141 1647 treeenti-sexaginta-duo.
1160 1590 1215 1634 Et.
1230 1604 1303 1632 rex
1320 1597 1422 1656 tune
1438 1597 1528 1632 erat

136 1661 181 1706 in
204 1660 333 1716 Juda,
361 1661 482 1721 eujus
515 1674 674 1704 nomen
705 1668 793 1702 erat
816 1659 974 1715 Aeliaz,
1000 1658 1085 1715 vel,
1112 1659 1220 1703 sieut
1244 1658 1314 1702 alii
1343 1673 1527 1719 eompu-

137 1741 247 1787 tant,
287 1731 363 1792 qui
398 1731 437 1775 ei
476 1730 674 1774 suecessit
708 1730 928 1786 Ezechias,
971 1746 1102 1791 quem
1140 1728 1319 1791 quidem
1358 1738 1527 1774 constat

138 1803 353 1864 optimum
365 1811 405 1846 et
419 1802 660 1862 piissimum
675 1816 818 1860 regem
838 1801 1013 1845 Romuli
1029 1817 1223 1860 regnasse
1241 1801 1523 1861 temporibus.

139 1877 191 1920 Iu
209 1890 258 1919 ea
274 1889 376 1918 vero
394 1872 589 1917 hebraici
608 1871 758 1932 populi
770 1880 893 1934 parte
910 1908 919 1929 ,
947 1888 1046 1935 quae
1059 1871 1361 1933 appellabatur
1373 1871 1519 1929 Israel,

138 1959 317 2005 regnare
337 1951 529 2006 coeperat
550 1945 673 1988 Osee.
