1742 2860
253 121 337 162 272
676 135 709 162 s.
745 131 973 163 Ancus-:Tim
1004 134 1184 163 13121500121

254 186 360 232 mini
383 185 458 231 Dei
485 205 494 232 z
520 186 563 231 in
582 202 668 247 qua
690 203 764 248 spe
787 198 927 232 essent
948 203 1049 232 cum
1071 189 1156 233 suis
1182 190 1359 249 posteris
1382 190 1631 237 cohaeredes

254 267 515 304 {eternorum
534 256 748 302 bonorum
764 294 774 314 ‚
801 268 843 303 et
865 259 946 303 sub
970 262 1058 304 Deo
1079 269 1199 320 patre
1222 259 1377 305 fratres
1401 261 1608 307 filiorum.

316 333 398 375 III.
422 331 519 373 Non
540 338 685 373 autem
706 329 801 375 illos
819 330 877 375 ita
892 329 1022 375 fuisse
1039 331 1227 390 Angelos
1242 331 1345 387 Dei,
1370 342 1420 377 ut
1439 333 1633 379 homines

256 419 345 449 non
356 410 511 456 essent,
531 400 829 462 sicutquidam
842 411 1014 462 putant,
1029 402 1102 447 sed
1122 403 1316 448 homines
1327 403 1481 464 procul
1498 403 1635 450 dubio

255 473 386 520 fuisse
401 508 412 528 ,
435 472 654 533 Scriptura
666 472 757 533 ipsa
776 473 866 518 sine
882 472 971 518 ulla
988 473 1269 533 ambiguitate
1291 473 1496 520 declarat.
1521 477 1636 521 Cum

255 545 373 590 enim
388 544 658 605 praemissum
679 553 809 601 esset,
833 545 956 606 quod
979 564 1000 588 «
1022 544 1227 590 Videntes
1250 543 1407 605 Angeli
1429 545 1507 591 Dei
1527 544 1637 592 filias

259 634 281 658 »
306 616 550 671 hominum,
577 615 679 676 quia
699 615 829 661 bonae
848 626 964 673 sunt,
996 625 1276 677 sumpserunt
1291 615 1374 661 sibi
1404 632 1561 663 uxores
1586 632 1639 663 ex

260 705 282 730 »
307 688 508 733 omnibus
538 702 645 748 quas
673 687 892 747 elegerant
917 710 929 747 3
953 707 974 731 »
1009 704 1109 733 mox
1131 687 1387 748 adjunctum
1410 697 1500 734 est:
1535 707 1556 732 «
1580 690 1639 734 Et

259 775 281 800 ³>
308 757 413 803 dixit
437 758 647 803 Dominus
665 762 804 804 Deus:
829 762 926 805 Non
947 759 1221 820 permanebit
1250 759 1431 819 Spiritus
1454 774 1576 804 meus
1591 759 1639 804 in

260 847 280 871 »
306 828 556 873 hominibus
576 829 641 873 his
664 830 709 873 111
736 839 970 885 aeternum,
995 840 1173 890 propter
1195 828 1316 891 quod
1339 845 1438 874 earo
1469 838 1585 874 sunt.
1614 847 1636 872 >2

260 900 422 960 Spiritu
443 901 604 960 quippe
622 901 698 944 Dei
720 899 894 946 fuerant
914 900 1018 946 facti
1038 900 1190 960 Auge-li
1208 901 1284 946 Dei
1306 909 1350 944 et
1366 900 1441 945 filii
1454 901 1547 956 Dei,
1564 899 1641 945 sed

257 970 516 1016 declinando
539 970 595 1016 ad
615 970 846 1027 inferiora,
872 972 1069 1016 homines
1092 972 1298 1016 dicuntur
1311 971 1488 1015 nomine
1510 980 1642 1016 natu-

258 1059 341 1097 rae,
367 1059 456 1087 non
484 1043 659 1101 gratiae3
690 1043 897 1087 dicuntur
917 1052 960 1087 et
976 1058 1075 1087 caro
1092 1078 1102 1098 ,
1136 1041 1374 1087 desertores
1396 1042 1567 1101 spiritus
1597 1051 1641 1087 et

258 1112 497 1158 deserando
526 1114 695 1157 deserti.
732 1117 789 1158 Et
811 1114 1089 1173 Septuaginta
1112 1113 1291 1173 quidem
1316 1113 1572 1173 interpretes
1595 1121 1639 1158 et

257 1185 448 1244 Angelos
471 1184 548 1228 Dei
570 1186 793 1239 dixerunt,
818 1185 919 1228 istos
938 1220 948 1239 ,
975 1194 1018 1228 01
1038 1184 1147 1228 filios
1170 1184 1247 1228 Dei
1277 1203 1285 1228 :
1317 1183 1437 1244 quod
1459 1182 1639 1244 quidem

258 1272 348 1300 non
362 1272 509 1300 omncs
529 1255 697 1300 codices
715 1255 880 1299 habent
900 1277 911 1313 3
934 1271 1035 1299 nam
1054 1254 1230 1316 quidam
1244 1254 1322 1298 nisi
1336 1254 1445 1298 filios
1460 1255 1537 1299 Dei
1551 1269 1641 1298 non

260 1328 438 1371 habent.
471 1326 627 1388 Aquila
650 1336 795 1370 autem
813 1362 823 1381 ,
856 1342 987 1387 quem
1009 1327 1290 1385 interpretem
1313 1324 1455 1369 Judaei
1476 1325 1642 1370 caeteris

260 1407 559 1457 anteponunt,
584 1412 672 1440 non
697 1396 869 1453 angelos
894 1396 994 1451 Dei,
1021 1412 1100 1440 nec
1135 1395 1244 1439 filios
1286 1396 1387 1451 Dei,
1419 1396 1495 1440 sed
1532 1394 1642 1440 filios

261 1468 439 1513 deorum
456 1469 759 1526 interpretatus
774 1469 1104 1527 cst.Utrumque
1118 1475 1263 1510 autem
1278 1481 1429 1510 verum
1439 1475 1516 1510 est.
1532 1469 1643 1512 Nam

261 1549 304 1583 et
326 1538 403 1582 filii
429 1538 505 1582 Dei
539 1546 682 1592 erant,
717 1537 798 1581 sub
830 1553 918 1597 quo
953 1546 1074 1596 patre
1109 1552 1287 1581 suorum
1315 1546 1490 1596 patrum
1513 1537 1643 1581 etiam

262 1609 413 1654 fratres
436 1618 582 1666 erant3
603 1617 646 1652 et
667 1607 741 1651 11111
760 1607 958 1661 deorum,
985 1607 1191 1667 quoniam
1214 1623 1236 1650 a
1253 1607 1332 1651 diis
1351 1607 1485 1666 geniti
1501 1617 1640 1664 erant,

263 1697 363 1725 011111
378 1680 537 1741 quibus
550 1689 593 1722 et
608 1678 688 1737 ipsi
702 1677 761 1721 dii
778 1686 915 1732 erant,
927 1678 1048 1738 juxta
1062 1676 1172 1720 illud
1187 1676 1365 1722 Psalmi:
1386 1696 1406 1720 «
1422 1680 1515 1736 Ego
1529 1678 1640 1725 dixi:

263 1753 328 1798 Dii
351 1751 464 1806 estis,
490 1759 533 1793 01
555 1748 631 1793 11111
654 1746 819 1792 Excelsi
843 1750 1034 1792 omnes¹.
1051 1766 1070 1788 »
1095 1748 1250 1792 Merito
1273 1748 1388 1791 enim
1406 1748 1645 1794 creduntur

266 1821 545 1882 Septuaginta
571 1821 826 1878 interpretes
848 1819 1060 1878 accepisse
1087 1818 1391 1878 propheticum
1417 1819 1640 1878 Spiritum,

263 1903 313 1938 ut
335 1894 367 1938 si
390 1892 497 1954 quid
522 1892 611 1951 ejus
641 1889 896 1933 auctoritate
925 1898 1164 1944 mutarent,
1206 1898 1336 1949 atque
1367 1888 1490 1933 aliter
1511 1906 1645 1950 quam

264 1968 355 2009 erat
375 1961 495 2024 quod
516 1961 913 2021 interpretabantur
936 1959 1143 2014 dicerent,
1171 1975 1312 2020 neque
1334 1961 1416 2004 hoc
1439 1959 1644 2006 divinitus

266 2051 354 2080 esse
377 2035 539 2078 dictum
561 2032 849 2076 dubitaretur.
870 2031 1073 2083 Quamvis
1088 2031 1170 2074 hoc
1188 2030 1232 2074 in
1247 2032 1423 2074 hebraeo
1438 2046 1526 2075 esse
1543 2047 1644 2091 per-

265 2107 469 2151 hibeatur
491 2104 763 2161 ambiguum,
788 2111 838 2146 ut
857 2111 900 2146 et
922 2100 994 2145 filii
1021 2101 1123 2156 Dei,
1154 2111 1196 2146 01
1217 2100 1293 2145 11111
1315 2100 1519 2159 deorum,
1545 2118 1646 2163 pos-

266 2186 330 2221 set
352 2173 637 2233 interpretari.

328 2249 402 2290 IV.
434 2245 693 2288 Omittamus
734 2241 864 2300 igitur
906 2258 1053 2287 earum
1099 2243 1408 2302 seripturarum
1445 2242 1614 2289 fabulas
1629 2280 1640 2301 ‚

267 2333 366 2379 quae
404 2315 648 2375 apocriphae
680 2323 1017 2372 nuncupantur,
1049 2330 1099 2357 eo
1133 2314 1253 2374 quod
1285 2330 1432 2358 earum
1475 2314 1644 2360 occulta

269 2388 387 2446 origo
410 2403 498 2430 non
520 2384 675 2429 claruit
696 2384 915 2444 patribus,
955 2400 978 2428 a
1013 2384 1171 2445 quibus
1203 2400 1342 2445 usque
1365 2385 1420 2430 ad
1442 2400 1520 2430 nos
1541 2399 1645 2430 aue-

317 2489 326 2507 ¹
348 2481 428 2516 Psal.
448 2491 557 2523 mxxi,
576 2480 616 2525 6,
633 2484 664 2514 01
681 2481 770 2515 Joan.
787 2490 825 2523 x,
843 2478 894 2522 34.
