1742 2860
473 196 525 222 ni:
556 195 751 223 civimriz
782 198 869 234 DEI,
905 197 1026 223 Lmlzn
1052 197 1142 223 xri.
1415 180 1499 224 339

117 262 245 305 etiam
269 260 415 320 ipsein
430 259 648 320 colloquio
663 277 762 304 eum
780 261 863 305 illis
880 277 958 306 suo
980 259 1254 320 singulariter
1266 261 1501 306 Dominum

117 331 599 393 appellaret.Nameum
620 330 915 390 eispluraliter
941 331 1170 376 dixissem«
1195 333 1310 374 Eece
1326 333 1501 378 Domini

120 402 421 448 »declinatein
439 401 619 446 domum
641 402 764 462 pueri
794 403 924 447 vestri
942 405 972 458 ¹,
1006 421 1028 445 n
1053 411 1097 446 et
1128 410 1282 446 caetera
1319 418 1421 463 quae
1441 403 1503 448 ibi

117 474 325 518 dicuntur
341 495 352 531 3
367 482 513 533 postea
527 482 671 517 tamen
688 472 745 517 ita
760 473 918 532 legitur
943 489 951 515 τ
983 494 1003 516 «
1022 477 1079 518 Et
1092 483 1329 519 tenuerunt
1349 475 1504 534 Angeli

120 557 326 590 »manum
340 545 374 605 ej
384 553 497 600 us‚et
508 560 684 588 manum
700 545 843 590 uxoris
861 547 952 607 ejus
964 556 1007 591 et
1021 562 1173 590 manus
1186 543 1372 590 duarum
1391 545 1504 592 filia-

119 633 242 661 »rum
257 618 346 676 ejus
359 616 420 672 ,in
438 632 488 660 eo
503 616 622 677 quod
634 617 1048 676 parceretDominus
1061 617 1154 677 ipsi.
1168 619 1224 661 Et
1238 615 1402 661 factum
1415 628 1477 662 est
1491 654 1502 676 ⁷

119 707 140 729 »
164 704 265 732 mox
286 697 336 732 ut
359 687 602 731 eduxerunt
623 687 749 732 illum
770 686 907 743 foras⁷
932 698 976 734 et
997 687 1225 734 dixerunt:
1245 687 1415 733 Salvam
1438 688 1506 736 fae

119 777 140 801 »
167 759 354 803 animam
370 768 506 814 tuam,
527 774 582 802 ne
605 759 838 819 respexeris
858 768 989 816 retro,
1002 775 1081 804 nee
1091 760 1255 805 steteris
1272 760 1317 804 in
1326 769 1416 806 tota
1434 776 1506 807 re-

118 847 139 872 »
168 829 294 889 gione
322 848 330 874 :
355 828 401 872 in
416 838 566 874 monte
577 828 743 875 salvum
758 838 801 874 te
822 829 890 875 fae
905 865 916 887 ‚
941 845 997 875 ne
1018 829 1196 892 quando
1218 832 1508 892 comprehena·

118 919 139 942 »
167 899 296 946 daris.
332 899 447 945 Dixit
480 909 627 944 autem
656 902 737 944 Lot
767 899 823 944 ad
855 899 951 945 illos
975 916 985 945 2
1011 902 1125 957 Oro,
1160 900 1367 958 Domine,
1405 902 1508 962 quia

118 990 138 1013 »
161 971 326 1016 invenit
346 986 456 1031 puer
478 979 578 1016 tuus
596 970 936 1017 misericordiam
970 981 1071 1017 ante
1089 982 1132 1018 te
1145 973 1179 1030 2,
1203 991 1224 1015 »
1250 982 1294 1018 et
1316 981 1417 1034 quae
1437 988 1507 1018 se-

118 1052 334 1104 quuntur.
356 1042 522 1087 Deinde
540 1043 745 1103 posthaec
765 1043 898 1088 verba
918 1042 1191 1102 singulariter
1207 1043 1270 1090 illi
1286 1043 1510 1105 respondit

115 1123 159 1159 et
176 1114 386 1159 Dominus
403 1149 413 1168 ,
439 1129 540 1158 cum
558 1113 602 1158 in
621 1111 795 1159 duobus
818 1112 994 1175 Angelis
1008 1123 1138 1171 esset,
1156 1114 1327 1160 dicens:
1355 1134 1375 1158 «
1395 1115 1510 1160 Ecce

118 1205 139 1228 ³>
164 1186 344 1231 miratus
362 1201 457 1230 sum
480 1184 634 1230 faeiem
656 1194 800 1240 tuam,
829 1204 849 1227 »
876 1196 918 1231 et
936 1194 1107 1230 eaetera.
1136 1185 1261 1233 Unde
1283 1184 1423 1232 multo
1446 1196 1511 1232 est

115 1256 364 1302 credibilius
380 1292 391 1313 ,
413 1255 534 1318 quod
555 1265 598 1300 et
619 1256 841 1301 Abraham
869 1256 915 1300 in
938 1257 1076 1301 tribus
1098 1266 1141 1301 et
1163 1260 1247 1304 Lot
1267 1257 1313 1302 in
1335 1254 1510 1303 duobus

116 1328 216 1374 viris
233 1328 468 1373 Dominum
485 1327 804 1386 agnoscebant,
821 1327 890 1372 cui
906 1344 982 1388 per
999 1328 1261 1388 singularem
1275 1338 1510 1375 numerum

117 1399 432 1460 loquebantur,
461 1398 590 1442 etiam
613 1414 714 1442 eum
736 1415 807 1443 eos
832 1399 1030 1444 homines
1053 1416 1143 1445 esse
1165 1400 1506 1445 arbitrarentur:

117 1486 260 1532 neque
272 1470 387 1514 enim
411 1468 539 1513 aliam
560 1469 616 1513 ob
638 1485 811 1514 eausam
830 1469 889 1514 sie
907 1486 978 1516 eos
1001 1481 1310 1531 susceperunt,
1336 1482 1386 1517 ut
1408 1479 1510 1516 tan-

117 1557 249 1602 quam
271 1539 528 1586 mortalibus
543 1549 585 1584 et
606 1541 799 1586 humana
822 1541 1056 1587 resectione
1088 1540 1385 1601 indigentibus
1422 1544 1508 1588 mi-

117 1613 350 1656 nistrarent
373 1632 380 1657 :
407 1610 589 1656 sederat
613 1610 810 1672 profecto
829 1612 1016 1674 aliquid,
1033 1629 1122 1674 quo
1143 1613 1201 1657 ita
1217 1613 1503 1671 excellebant,

116 1683 218 1728 lieet
238 1693 447 1745 tanquam
470 1684 668 1729 homines
690 1694 739 1729 ut
762 1685 805 1729 in
820 1686 877 1730 eis
892 1702 981 1730 esse
1003 1687 1260 1742 Dominum,
1287 1687 1397 1732 sieut
1418 1702 1509 1733 esse

120 1753 275 1798 assolet
293 1754 338 1798 in
353 1754 580 1814 Prophetis
595 1791 605 1810 ,
622 1755 667 1798 hi
683 1756 757 1816 qui
772 1756 1111 1817 hospitalitatem
1126 1756 1208 1802 illis
1222 1757 1503 1813 exhibebant,

117 1824 320 1869 dubitare
343 1841 432 1869 non
450 1834 624 1884 possent
645 1841 652 1866 t
677 1835 807 1886 atque
830 1826 927 1871 ideo
951 1836 992 1871 et
1015 1828 1127 1887 ipsos
1146 1827 1381 1889 aliquando
1402 1830 1479 1891 plu
1498 1856 1507 1864 ·

118 1895 278 1951 taliter,
294 1896 395 1939 etin
414 1896 472 1939 eis
495 1896 730 1940 Dominum
750 1896 985 1958 aliquando
1003 1898 1278 1957 singulariter
1308 1900 1502 1960 appella-

118 1967 240 2011 bant.
256 1966 444 2025 Angelos
454 1976 597 2011 autem
614 1966 741 2012 fuisse
754 1968 972 2029 Scriptura
986 1978 1182 2026 testatur,
1200 1986 1289 2015 non
1304 1969 1444 2015 solum
1458 1971 1503 2017 in

117 2038 201 2082 hoe
225 2037 400 2082 Genesis
415 2037 527 2082 libro
544 2074 554 2093 ‚
575 2038 651 2082 ubi
674 2039 767 2083 lime
802 2049 917 2097 gesta
941 2050 1193 2098 narrantur,
1219 2043 1505 2088 verumetiam

118 2108 164 2152 in
176 2107 370 2168 Epistola
393 2108 447 2153 ad
471 2109 677 2154 Hebraeos
693 2146 702 2165 ‚
717 2110 794 2154 ubi
817 2127 917 2155 eum
939 2111 1207 2171 hospitalitas
1224 2112 1502 2171 laudaretur,

122 2198 143 2222 «
164 2182 245 2223 Per
265 2179 404 2235 hane,
430 2180 593 2241 inquit,
616 2182 744 2226 etiam
763 2181 941 2243 quidam
960 2183 1197 2229 nescientes
1229 2185 1416 2246 hospitio
1438 2196 1507 2231 re·-

121 2268 141 2291 >›
169 2261 378 2310 ceperunt
389 2251 609 2309 Angelos³.
620 2270 639 2293 ³>
658 2255 738 2297 Per
751 2251 845 2298 illos
859 2254 990 2313 igitur
1003 2264 1085 2299 tres
1101 2255 1229 2312 viros,
1245 2273 1343 2302 eum
1359 2274 1505 2303 rursus

119 2321 231 2365 silius
251 2324 368 2367 Isaac
392 2323 445 2366 de
472 2325 593 2369 Sarra
615 2324 942 2384 promitteretur
966 2326 1168 2383 Abrahre,
1206 2327 1405 2373 divinum
1423 2328 1504 2374 da-

120 2401 215 2436 tum
239 2402 302 2436 est
318 2392 447 2435 etiam
481 2393 566 2438 tale
595 2410 873 2454 responsum7
901 2407 950 2441 ut
972 2396 1209 2445 diceretur:
1238 2420 1257 2441 «
1284 2400 1503 2446 Abraham

124 2481 144 2505 »
171 2463 310 2507 eritiu
333 2473 503 2521 gentem
526 2480 726 2524 magnam
749 2476 791 2511 et
822 2467 1027 2524 multam,
1052 2479 1095 2514 et
1117 2489 1438 2518 nssxssmcmrun
1460 2472 1504 2518 in

171 2550 354 2587 ¹Gen.x1x,
375 2557 405 2580 2.
424 2566 463 2572 —·-
490 2549 592 2581 ’ibid⁴
619 2551 790 2592 16-19.--
819 2550 939 2585 3llebr.
964 2565 1030 2591 xiii,
1051 2563 1080 2585 9.,

1227 2610 1292 2649 29..
