1742 2860
461 112 516 139 DE
547 108 748 140 c1v1TATE
780 110 868 148 DEI,
905 110 1028 138 unm
1060 111 1134 138 xv.
1407 100 1488 141 261

106 174 394 234 perhibentur
407 175 706 236 philosophari
720 175 765 218 in
778 173 1084 220 solitudinibus
1102 172 1239 218 Indiae
1251 209 1261 229 ,
1276 175 1387 220 cives
1405 177 1495 236 ejus

106 255 230 302 sunt,
257 256 300 290 et
322 263 345 291 a
368 247 618 306 generando
640 263 684 291 se
713 247 933 291 cohibent.
965 249 1062 291 Non
1085 246 1199 290 enim
1222 255 1286 290 est
1306 246 1390 290 hoc
1413 247 1496 291 bo-

106 331 239 373 num,
265 318 346 362 nisi
375 334 475 364 cum
497 320 546 363 fit
569 317 810 363 secundum
834 317 966 362 fidem
988 317 1147 362 summi
1175 317 1279 362 boni
1294 353 1305 373 ,
1331 317 1407 378 qui
1435 327 1499 363 est

106 390 237 433 Deus.
266 393 359 435 Hoc
382 400 530 435 tamen
553 407 682 435 nemo
706 390 855 435 secisse
889 399 988 434 ante
1011 389 1226 434 diluvium
1256 390 1495 450 reperitur:

106 459 466 522 quandoquidem
508 461 639 506 etiam
672 461 763 521 ipsc
796 462 949 506 Enoch
987 461 1193 521 septimus
1233 461 1288 504 ab
1327 459 1468 504 Adam
1483 495 1493 515 ‚

106 531 183 591 qui
210 531 438 576 translatus
459 530 646 576 refertur
668 548 756 576 esse
772 567 782 587 ,
809 547 897 576 non
920 541 1139 588 mortuus,
1163 531 1314 591 genuit
1329 529 1439 575 filios
1456 539 1501 575 et

107 601 215 646 filias
237 613 472 664 antequam
495 602 825 661 transferretur3
844 603 888 647 in
903 603 1063 664 quibus
1082 602 1165 648 fuit
1182 601 1471 648 Mathusalem
1484 637 1496 660 ‚

105 689 183 734 per
198 690 329 734 quem
344 676 675 734 generationum
690 675 1074 720 memorandarum
1097 673 1204 719 ordo
1226 674 1497 720 transcurrit.

167 749 225 790 ΙΙ.
265 749 353 792 Cur
381 763 483 807 ergo
515 757 636 792 tanta
664 748 857 808 paucitas
882 748 1201 793 successionum
1230 763 1501 792 commemo-

106 827 227 863 ratur
246 820 291 864 in
311 820 660 878 generationibus
686 836 737 864 ex
764 824 899 875 Cain,
922 821 954 864 si
973 837 1041 865 eas
1055 835 1193 881 usquc
1213 819 1268 864 ad
1287 819 1502 864 diluvium

105 891 287 951 perduci
310 894 562 953 oportebat,
591 909 670 937 nec
686 903 778 937 erat
795 893 998 938 diuturna
1017 903 1119 938 oetas
1135 892 1404 954 prseveniens
1417 908 1502 952 pu·-

106 962 320 1014 bertatem
334 999 344 1019 ‚
372 980 470 1024 qum
485 973 662 1008 centum
678 963 748 1008 vel
771 963 956 1024 amplius
979 981 1114 1010 annos
1136 973 1309 1010 vacaret
1330 980 1353 1007 a
1380 962 1502 1007 i'oeti-

106 1033 219 1079 bus?
240 1038 350 1080 Nam
372 1035 404 1079 si
426 1052 516 1079 non
547 1036 810 1080 intendebat
832 1046 983 1081 auctor
1006 1036 1105 1080 libri
1128 1036 1257 1096 hujus
1281 1034 1470 1095 aliquem
1489 1069 1500 1089 ⁷

107 1104 163 1149 ad
177 1122 308 1166 quem
322 1106 560 1151 necessario
580 1107 836 1167 perduceret
851 1106 1003 1151 seriem
1021 1106 1372 1165 generationum„
1392 1106 1504 1150 sieut

107 1176 153 1220 in
170 1176 269 1231 illis,
290 1194 388 1238 quae
404 1179 588 1222 veniunt
610 1178 665 1222 de
688 1179 850 1222 semine
870 1179 987 1233 Seth,
1006 1177 1263 1223 intendebat
1276 1178 1502 1238 pervenire

108 1247 164 1293 ad
192 1251 308 1305 Noe,
337 1266 360 1294 a
389 1267 477 1311 quo
500 1266 647 1295 rursus
677 1250 783 1294 ordo
807 1251 1069 1295 necessarius
1091 1260 1369 1311 sequeretur3
1394 1248 1503 1309 quint

107 1336 216 1380 opus
238 1331 330 1366 erat
346 1322 678 1382 praetermittere
694 1322 1005 1382 primogenitos
1024 1322 1133 1367 filios
1148 1358 1158 1378 ,
1180 1331 1230 1366 ut
1249 1322 1502 1382 pervenire-

107 1401 179 1437 tur
209 1392 265 1437 ad
295 1395 484 1438 Lamech
501 1428 512 1449 ‚
545 1394 591 1438 in
615 1395 738 1454 cujus
763 1394 859 1437 siliis
884 1395 1034 1438 finitur
1057 1394 1129 1438 illa
1154 1394 1371 1438 contextio
1388 1429 1399 1449 ‚
1426 1409 1503 1437 oe-

107 1472 205 1509 tava
225 1466 501 1523 generatione
519 1465 681 1509 scilicet
702 1482 753 1508 ex
777 1465 916 1509 Adam
933 1501 943 1520 ,
966 1466 1144 1525 septima
1162 1482 1211 1509 ex
1226 1469 1336 1510 tla'i'n
1349 1501 1359 1520 7
1380 1464 1504 1525 quasi

108 1545 220 1580 esset
242 1535 344 1580 inde
378 1535 544 1597 aliquid
573 1537 776 1596 deinceps
800 1537 1150 1580 connectendum
1170 1573 1180 1592 ‚
1206 1537 1325 1580 unde
1348 1551 1504 1595 perve-

108 1608 275 1652 niretur
295 1607 366 1651 vel
386 1608 440 1652 ad
462 1607 739 1651 israeliticum
762 1607 975 1667 populum
993 1645 1003 1663 7
1025 1609 1066 1651 in
1093 1625 1180 1668 quo
1204 1607 1370 1651 eoelesti
1393 1607 1505 1651 civi-

108 1678 186 1722 tati
200 1678 329 1722 etiam
345 1688 509 1722 terrena
524 1677 763 1722 Jerusalem
781 1679 963 1737 figuram
978 1680 1277 1738 propheticam
1294 1678 1499 1738 praebuit,

108 1749 180 1795 vel
202 1749 258 1793 ad
282 1750 504 1794 Christum
532 1770 551 1792 α
571 1749 822 1795 Secundum
845 1766 1045 1806 earnem‚
1073 1751 1149 1811 qui
1173 1760 1236 1794 est
1259 1767 1387 1810 super
1411 1766 1506 1794 om·-

113 1840 134 1864 >›
163 1821 235 1865 nia
260 1825 375 1866 Deus
398 1821 652 1866 benedictus
676 1823 718 1865 in
741 1821 899 1866 saecula
921 1825 930 1847 ¹
951 1858 962 1877 ,
987 1842 1007 1864 ))
1040 1839 1240 1882 supernae
1263 1821 1504 1866 Jerusalem

109 1891 343 1937 fabricator
368 1902 498 1952 atque
521 1902 749 1951 regnator·⁷
775 1908 876 1936 eum
898 1901 989 1936 tota
1013 1893 1240 1952 progenies
1264 1896 1374 1937 Cain
1393 1892 1508 1936 dilu-

109 1963 181 2010 vio
195 1963 249 2007 sit
270 1962 411 2007 deleta
429 1964 446 2007 P
470 1963 594 2007 Unde
617 1963 754 2008 videri
775 1973 917 2023 potest
946 1964 990 2008 in
1020 1963 1172 2008 eodem
1194 1964 1345 2008 ordine
1376 1979 1506 2022 gene-

111 2033 331 2079 rationum
359 2034 671 2094 primogenitos
704 2033 834 2078 fuisse
870 2044 1247 2079 commemoratos.
1274 2037 1364 2080 Cur
1402 2051 1505 2094 ergo

113 2115 202 2151 tam
234 2106 361 2166 pauci
395 2109 523 2151 sunt?
547 2109 644 2151 Non
679 2107 793 2149 enim
823 2123 959 2167 usque
994 2106 1047 2151 ad
1078 2106 1293 2151 diluvium
1325 2116 1388 2151 tot
1416 2123 1507 2151 esse

113 2187 373 2238 potuerunt,
399 2195 488 2222 non
509 2178 764 2223 tamnitibus
789 2195 924 2238 usque
946 2178 999 2222 ad
1019 2180 1317 2223 centenariam
1338 2179 1505 2238 puber-

119 2259 249 2295 tatem
272 2251 467 2309 patribus
492 2251 546 2294 ab
568 2250 711 2294 ellit-io
734 2250 992 2309 generandi7
1070 2267 1158 2294 non
1178 2261 1267 2294 erat
1284 2260 1386 2294 tune
1404 2267 1507 2310 pro-

116 2323 316 2383 portione
339 2322 626 2382 longoevitatis
652 2323 761 2367 illius
786 2324 913 2367 etiam
943 2339 1033 2367 sera
1063 2324 1283 2382 pubertas.
1315 2326 1364 2367 lJt
1390 2323 1506 2367 enim

117 2408 321 2455 peraeque
347 2394 519 2454 triginta
553 2410 768 2441 annorum
803 2394 994 2451 l'utrint,
1039 2409 1137 2438 cum
1168 2394 1278 2440 filios
1303 2408 1508 2454 generare

167 2484 281 2516 ¹Rom.
304 2494 355 2525 ix,
383 2482 413 2516 5.
