1742 2860
282 155 366 197 546

280 239 353 267 (lim.
366 244 421 266 vn.

351 301 425 322 V111.

375 412 420 435 lx.

374 693 418 712 xl.

365 858 423 880 xu.

350 970 421 991 1111.

358 1136 422 1158 XIV.

370 1248 421 1269 XV.

356 1470 424 1491 xw.

350 1582 423 1604 xvn.

334 1805 429 1826 xvzu.

364 1915 432 1936 11'1.

373 1971 423 1992 XX.

366 2137 430 2159 xxi.
456 2126 507 2160 De
524 2126 708 2157 conditione
730 2123 819 2156 unius
838 2123 930 2166 primi
954 2122 1089 2156 hominis
1102 2147 1111 2163 ‚
1135 2126 1231 2166 atque
1251 2123 1283 2155 in
1310 2134 1350 2156 eo
1369 2120 1493 2166 generis
1506 2121 1567 2156 hu-

355 2249 428 2271 xxu.

344 2470 430 2491 xxm.

345 2526 434 2546 xxlv.

891 168 1038 195 iNDEx.

449 235 580 264 Causam
596 231 786 265 efficientem
805 232 894 264 malae
916 233 1087 267 voluntatis
1106 244 1169 266 non
1192 244 1259 267 esse
1274 235 1486 279 quaerendam.

452 291 498 322 De
511 299 619 320 amore
636 299 803 330 perverso,
817 300 878 331 quo
896 289 1041 322 voluntas
1061 290 1103 323 ab
1124 291 1375 323 incommutabili
1399 292 1484 325 bono
1509 292 1549 325 ad

468 343 696 376 commutabile
717 343 835 375 bonum
855 344 974 376 deficit.

447 402 495 433 An
520 400 620 432 sancti
638 400 745 441 Angeli
757 425 766 442 ‚
790 411 884 443 quem
901 401 1022 433 habent
1041 406 1224 435 creatorem
1242 407 1375 442 naturae,
1398 404 1548 437 eumdem

467 455 607 488 habeant
624 456 712 488 bonoe
733 455 904 487 voluntatis
920 462 1083 489 auctorem
1110 468 1167 499 per
1186 457 1337 500 Spiritum
1354 463 1500 492 sanctum
1520 459 1552 492 in

473 504 517 544 cis
530 511 686 543 charitate
704 510 833 542 diffusa.

414 593 419 598 .
445 570 491 600 De
506 566 645 599 salsitate
659 566 726 607 ejus
740 566 890 608 historiae,
907 577 975 610 quae
992 566 1091 600 multa
1106 567 1200 599 millia
1212 577 1368 602 annorum
1383 569 1553 612 praeteritis

469 623 669 666 temporibus
690 623 845 655 ascribat.

444 683 489 712 De
515 680 562 711 liis
585 679 636 722 qui
655 679 738 711 hunc
761 679 888 722 quidem
910 678 1062 713 mundum
1078 691 1140 713 non
1161 681 1390 722 sempiternum
1412 685 1553 724 putant,

467 736 522 767 scd
532 740 587 766 aut.
603 735 863 776 mnumerabiles,
882 739 937 767 aut
951 736 1099 768 eumdem
1114 746 1208 768 unum
1234 740 1326 768 certa
1343 736 1550 769 conclusione

466 790 650 823 saeculorum
664 800 789 833 semper
805 790 889 822 nasci
912 794 945 824 et
958 790 1076 824 resolvi
1088 791 1273 834 opinantur.

450 847 530 886 Quid
545 847 800 889 respondendum
814 847 854 878 sit
875 846 937 890 his,
960 847 1012 890 qui
1030 848 1165 891 primam
1181 846 1401 881 conditionem
1420 846 1556 880 hominis

469 902 591 935 tardam
606 910 672 934 csse
687 907 869 934 causantur.

447 961 493 992 De
510 958 711 991 revolutione
725 958 910 992 saeculorum
924 984 933 1001 ,
951 958 1065 1002 quibus
1091 962 1182 992 certo
1201 958 1262 991 fine
1279 957 1438 991 conclusis
1451 983 1461 999 ,
1483 959 1557 991 uni-

469 1025 559 1046 versa
576 1024 701 1055 semper
715 1013 745 1044 in
763 1014 908 1046 eumdem
925 1014 1068 1046 ordinem
1083 1014 1291 1057 eamdemque
1311 1013 1451 1057 speeiem
1478 1012 1560 1046 redi-

469 1074 540 1102 tura
554 1068 680 1111 quidam
699 1068 876 1111 Philosophi
898 1069 1113 1102 crediderunt.

450 1125 499 1158 De
512 1123 681 1166 temporali
700 1124 881 1156 conditione
896 1124 1018 1167 generis
1032 1124 1173 1166 humani,
1191 1135 1287 1167 quam
1304 1127 1386 1157 Deus
1402 1135 1463 1157 nec
1475 1133 1558 1156 novo

471 1180 599 1213 consilio
617 1179 831 1221 constituerit,
855 1191 915 1213 nec
938 1180 1082 1212 mutabili
1100 1179 1277 1213 voluntate.

449 1239 497 1271 An
515 1240 550 1268 ut
565 1239 646 1268 Deus
661 1246 800 1278 semper,
815 1236 913 1268 etiam
928 1235 1074 1268 (lominus
1087 1235 1184 1268 fuisse
1197 1246 1325 1278 semper
1338 1234 1534 1277 intelligatur
1548 1261 1558 1278 ,

475 1291 668 1325 credendum
687 1291 728 1324 sit
748 1295 930 1323 creaturam
951 1302 1076 1334 quoque
1089 1301 1248 1335 nunquam
1269 1290 1409 1324 defuisse
1430 1291 1482 1323 cui
1507 1291 1561 1323 do-

473 1347 648 1380 minaretur
671 1359 678 1378 :
703 1350 737 1378 et
752 1347 913 1389 quomodo
930 1347 1055 1379 dicatur
1068 1357 1194 1389 semper
1213 1351 1377 1388 creatum,
1399 1346 1485 1391 quod
1495 1346 1560 1379 dici

475 1413 539 1435 non
553 1406 660 1445 potest
675 1406 882 1434 coaeternum.

452 1457 616 1498 Quomodo
629 1461 663 1489 et
678 1457 857 1500 intelligam.
874 1472 879 1489 ι
896 1458 937 1490 sit
949 1458 1102 1500 promissa
1115 1456 1235 1490 homini
1248 1467 1266 1489 a
1283 1459 1349 1490 Deo
1362 1456 1428 1490 vita
1441 1460 1560 1489 aetcrna

472 1519 548 1546 ante
564 1519 711 1556 tempora
725 1518 859 1546 aetcrna.

449 1570 530 1610 Quid
549 1570 590 1601 de
615 1569 875 1601 incommutabili
895 1567 1027 1601 consilio
1054 1574 1111 1601 aut
1131 1568 1298 1601 voluntate
1314 1567 1371 1601 Dei
1392 1567 1467 1600 fides
1485 1577 1561 1600 sana

477 1625 643 1666 defendat,
659 1629 768 1657 contra
782 1624 1041 1657 ratiocinationes
1049 1635 1171 1666 eorum,
1187 1623 1239 1666 qui
1250 1634 1347 1666 opera
1357 1622 1412 1656 Dei
1424 1634 1462 1655 ex
1473 1627 1563 1656 zeter-

474 1681 577 1714 nitate
594 1680 733 1722 repetita
755 1691 812 1723 per
837 1680 965 1712 eosdem
981 1689 1107 1722 semper
1131 1678 1243 1712 volunt
1259 1678 1443 1712 saeculoi-um
1456 1678 1561 1712 redire

479 1735 672 1769 circumitus.

456 1793 571 1825 Contra
584 1802 637 1824 eos
649 1791 702 1834 qui
715 1791 826 1823 dicunt
839 1801 891 1831 ea,
903 1801 970 1833 quoe
983 1789 1105 1823 infinita
1124 1793 1197 1822 sunt
1210 1800 1270 1824 nec
1285 1790 1342 1823 Dei
1355 1800 1449 1833 posse
1464 1789 1563 1824 scien-

480 1848 524 1879 tia
541 1846 784 1889 comprehendi.
803 1883 809 1888 .

459 1906 505 1936 De
518 1903 638 1935 saeculis
653 1901 852 1935 saeculorum.

451 1958 686 2000 Deimpietate‚
703 1968 814 1990 eorum
829 1957 882 2001 qui
894 1960 1038 1989 asserunt
1054 1956 1173 1988 animas
1184 1966 1313 1989 summae
1325 1967 1474 1999 veraeque
1489 1955 1563 1989 bea-

475 2014 617 2047 titudinis
643 2013 818 2056 participes
835 2038 843 2054 ‚
873 2013 990 2045 iterum
1018 2015 1116 2054 atque
1145 2012 1263 2044 iterum
1295 2022 1352 2055 per
1380 2011 1563 2045 circumitus

477 2075 657 2112 temporum
670 2069 710 2100 ad
724 2069 851 2101 easdem
863 2067 1002 2100 miserias
1013 2067 1201 2110 laboresque
1210 2067 1379 2100 redituras.

481 2192 578 2214 mani.

456 2237 545 2276 Quod
563 2235 736 2279 praescierit
758 2238 839 2267 Deus
856 2234 1030 2273 hominem,
1047 2244 1142 2277 quem
1160 2233 1297 2277 primum
1313 2234 1468 2276 condidit,
1483 2245 1564 2277 pec-

478 2297 646 2334 caturum5
665 2290 819 2332 simulque
844 2289 1024 2331 proeviderit
1043 2293 1197 2332 quantum
1214 2288 1338 2332 piorum
1356 2291 1506 2332 populum
1523 2301 1563 2323 ex

480 2349 510 2389 ej
516 2359 548 2379 us
569 2358 684 2389 genere
698 2347 729 2378 in
742 2345 918 2387 angehcum
932 2345 1124 2377 consortium
1136 2355 1191 2377 sua
1213 2349 1296 2377 esset
1311 2346 1411 2388 gratia
1424 2345 1563 2378 transla-

483 2408 584 2436 turus.

456 2461 503 2491 De
524 2463 636 2490 natura
653 2457 796 2489 humanae
813 2456 923 2488 animm
943 2461 1056 2488 creatae
1071 2456 1111 2488 ad
1131 2456 1297 2498 imaginem
1319 2456 1384 2489 Dei.

464 2517 509 2547 An
521 2514 610 2545 ullius
628 2513 678 2545 vel
693 2513 828 2545 minimae
841 2517 993 2543 creaturae
1013 2512 1129 2553 possint
1143 2511 1204 2543 dici
1220 2511 1326 2554 Angeli
1345 2515 1517 2544 creatores

1617 239 1657 269 71

1619 349 1662 381 79.

1614 516 1656 547 73

1622 628 1664 659 76

1622 794 1666 825 78

1628 1514 1670 1545 89

1628 1736 1672 1768 90

1629 1845 1673 1879 92

1629 1902 1674 1934 94

1609 2180 1674 2213 100

1609 2403 1669 2434 101

1609 2457 1673 2489 102

1609 2512 1673 2542 403
