1742 2860
242 90 327 128 232
704 103 737 128 ε.
774 100 1000 127 Atotslm'i
1033 99 1208 126 Episcorl

240 165 386 209 buisse
406 165 650 223 nominare,
673 164 748 210 sed
770 179 841 209 eos
863 162 996 220 solOS,
1019 179 1128 224 quos
1146 163 1284 223 operis
1306 162 1491 224 suscepti
1513 164 1621 209 ratio

239 234 505 296 postulabat.
534 234 806 295 Propositum
839 233 1002 294 quippe
1030 233 1247 293 scriptoris
1270 231 1385 278 illius
1412 232 1519 289 fuit,
1544 249 1621 294 per

245 322 378 368 quem
404 306 586 365 Spiritus
611 314 783 351 sanctus
804 303 849 348 id
872 304 1047 363 agebat,
1073 320 1149 364 per
1170 304 1457 350 successiones
1479 314 1620 350 certa-

239 392 336 422 rum
360 375 686 434 generationum
707 391 756 419 ex
785 390 874 418 uno
894 374 1071 419 homine
1100 383 1435 434 propagatarum
1463 390 1620 435 perve-

238 446 330 492 nire
353 445 407 490 ad
440 446 660 490 Abraham
674 481 685 501 ,
711 461 759 490 ac
781 445 939 491 deinde
961 461 1011 490 ex
1032 446 1124 506 ejus
1147 446 1308 489 semine
1330 445 1386 490 ad
1408 445 1622 507 populum

238 517 316 563 Dei
339 537 347 562 :
368 517 509 578 inquo
523 516 725 562 distincto
740 533 762 562 a
777 518 939 561 caeteris
965 532 1044 576 gen
1054 516 1166 560 tibus
1183 517 1566 576 praefigurarentur
1579 526 1624 563 et

238 588 639 649 prmnuntiarentur
662 588 805 633 omnia
828 605 925 649 quae
953 587 1007 631 de
1030 587 1235 643 Civitate‚
1266 588 1387 648 cujus
1409 597 1621 633 internum

238 659 320 703 crit
341 674 545 717 regnum,
571 657 681 703 etde
696 662 813 718 Rege
831 659 921 719 ejus
940 656 1182 718 eodemque
1205 657 1429 703 conditore
1450 659 1622 704 Christo

240 729 284 772 in
315 729 477 788 Spiritu
499 729 851 789 praevidebantur
874 744 962 772 esse
982 737 1190 785 ventura3
1220 728 1279 773 ita
1307 738 1356 772 ut
1378 744 1457 773 nee
1480 726 1534 773 de
1556 728 1622 773 al-

240 809 328 843 tera
351 800 553 844 societate
584 800 811 845 hominum
845 809 1078 856 taceretur,
1113 815 1245 860 quam
1271 809 1482 844 terrenam
1513 799 1622 845 dici-

240 885 338 914 mus
360 869 612 925 Civitatem,
642 879 854 931 quantum
882 869 920 913 ci
951 869 1344 915 commemoranda:
1367 870 1465 914 satis
1488 879 1620 926 esset,

237 948 288 983 ut
309 940 468 985 Civitas
486 940 562 985 Dei
581 939 709 985 etiam
725 955 813 984 suae
836 938 1089 984 adversariae
1112 940 1433 1000 comparatione
1463 938 1622 985 clares-

242 1018 330 1054 cat.
378 1011 490 1054 Cum
530 1009 663 1069 igitur
713 1009 932 1070 Scriptura
973 1009 1117 1054 divina
1138 1043 1148 1065 ‚
1193 1009 1270 1054 ubi
1308 1019 1352 1054 et
1392 1025 1624 1054 numerum

241 1096 483 1136 annorum⁷
508 1097 617 1142 quos
644 1080 706 1124 illi
725 1081 922 1125 homines
953 1081 1176 1136 vixerunt,
1206 1090 1540 1136 commemorat,
1565 1080 1625 1126 ita

238 1149 486 1206 concludat,
505 1161 554 1195 ut
575 1150 691 1196 dicat
713 1150 767 1195 de
785 1150 858 1196 illo
877 1150 931 1195 de
949 1167 1036 1212 quo
1054 1149 1316 1211 loquebatur
1334 1170 1341 1195 :
1364 1170 1383 1193 «
1400 1154 1458 1196 Et
1475 1151 1625 1211 genuit

246 1239 266 1262 »
302 1219 417 1266 filios
440 1230 482 1266 et
503 1221 635 1277 filias,
657 1232 699 1266 ct
721 1220 899 1266 fuerunt
920 1237 1067 1266 omnes
1086 1220 1175 1266 dies
1201 1240 1219 1262 n
1242 1221 1382 1278 illius,
1406 1221 1474 1266 vel
1492 1221 1621 1277 illius,

239 1308 348 1352 quos
370 1292 499 1347 vixit,
524 1292 626 1336 anni
648 1300 738 1349 tot,
769 1311 788 1335 «
813 1302 856 1337 et
878 1303 1075 1337 mortuus
1098 1294 1211 1337 est¹:
1235 1311 1255 1334 n
1281 1292 1497 1354 numquid
1523 1294 1624 1354 quia

238 1362 413 1407 eosdem
435 1362 545 1407 filios
569 1373 612 1407 et
637 1363 744 1407 filias
763 1379 851 1407 non
876 1363 1069 1407 nominat
1091 1398 1101 1418 ,
1136 1362 1234 1408 ideo
1262 1363 1501 1423 intelligere
1535 1379 1623 1408 non

239 1431 448 1477 debemus
484 1449 559 1492 per
588 1443 675 1477 tam
705 1432 868 1477 multos
898 1449 1033 1477 annos
1051 1468 1063 1487 ‚
1089 1433 1249 1494 quibus
1276 1442 1380 1477 tune
1412 1434 1457 1477 in
1479 1432 1624 1478 saeeuli

239 1503 369 1563 hujus
392 1502 528 1562 prima
550 1511 676 1547 {etate
698 1503 927 1557 vivebant,
954 1503 1069 1548 nasci
1092 1503 1281 1563 potuisse
1311 1502 1518 1563 plurimos
1544 1504 1626 1548 ho-

240 1574 377 1618 mines
384 1610 399 1630 ,
436 1590 626 1636 quorum
663 1574 851 1619 coetibus
889 1573 1014 1618 condi
1052 1583 1226 1634 possent
1264 1575 1392 1619 etiam
1425 1573 1625 1634 plurimas

239 1643 457 1689 civitates?
498 1644 580 1690 Sed
613 1644 822 1704 pertinuit
861 1643 916 1688 ad
954 1647 1114 1699 Deum,
1150 1660 1238 1704 quo
1276 1644 1351 1688 ista
1389 1644 1626 1704 inspirante

240 1715 481 1775 conscripta
501 1725 624 1769 sunt,
652 1716 727 1759 has
751 1715 857 1759 duas
888 1715 1110 1758 societates
1138 1715 1223 1759 suis
1248 1714 1422 1759 diversis
1443 1731 1625 1774 genera-

241 1784 433 1830 tionibus
450 1784 649 1845 primitus
672 1784 865 1844 digerere
888 1794 1018 1844 atque
1042 1783 1306 1844 distinguere
1329 1804 1337 1829 ι
1362 1793 1412 1828 ut
1434 1800 1625 1829 seorsum

239 1854 486 1909 hominum,
512 1855 594 1899 hoc
620 1864 702 1910 est,
729 1852 969 1899 secundum
987 1854 1208 1899 hominem
1229 1854 1493 1909 viventium,
1514 1870 1626 1898 seor-

240 1940 340 1969 sum
372 1934 516 1969 autem
558 1924 747 1969 filiorum
782 1925 886 1978 Dei,
922 1923 967 1968 id
1001 1933 1089 1979 est,
1130 1924 1358 1968 hominum
1384 1923 1625 1968 secundum

241 1996 381 2040 Deum
418 1994 658 2040 viventium
694 1994 991 2054 generationes
1028 2002 1362 2038 contexerentur
1396 2009 1533 2054 usque
1569 1993 1626 2038 ad

241 2063 472 2120 diluvium,
493 2064 569 2108 ubi
583 2065 808 2108 ambarum
826 2064 1079 2108 societatum
1099 2062 1299 2107 discretio
1317 2063 1625 2125 concretioque

243 2145 477 2180 narratur:
504 2135 700 2180 diseretio
734 2133 933 2196 quidem,
974 2133 1094 2195 quod
1132 2134 1358 2179 ambarum
1396 2135 1625 2195 separatim

246 2205 541 2266 generationes
582 2214 976 2250 commemorantur
992 2240 1002 2257 ,
1046 2204 1172 2248 unius
1214 2203 1444 2249 fratricidae
1485 2207 1595 2250 Ca'l'n
1611 2238 1622 2260 ‚

244 2275 418 2322 alterius
442 2286 584 2321 autem
610 2276 684 2338 qui
713 2276 949 2321 vocabatur
981 2276 1107 2331 Seth3
1145 2285 1270 2320 natus
1294 2276 1457 2336 quippe
1485 2274 1627 2320 fiterat

245 2357 289 2395 et
309 2347 398 2408 ipse
415 2346 470 2393 de
493 2346 656 2403 Adam,
681 2362 759 2408 pro
781 2346 854 2392 illo
876 2362 1007 2407 quent
1033 2345 1163 2391 frater
1187 2346 1344 2391 oceidit
1370 2364 1378 2391 :
1404 2345 1623 2392 concretio

295 2444 304 2463 ¹
327 2441 405 2474 Gen.
428 2449 467 2483 v,
485 2437 529 2483 4,
548 2439 578 2473 5.
