1742 2860
244 58 330 98 506
672 70 706 100 ε.
741 70 972 101 Auensnm
1003 73 1184 101 muscopx

243 148 388 178 eversa
409 134 571 179 scilieet
590 150 668 196 per
688 137 1009 196 poenitentiam,
1034 145 1085 180 ut
1106 135 1245 197 qualis
1268 134 1409 181 fuerat
1419 137 1511 197 jam
1533 153 1622 182 non

243 214 377 264 esset,
401 207 483 251 hoc
506 207 712 267 quoniam
733 223 811 268 per
833 208 1054 252 Christum
1086 207 1249 253 factum
1272 217 1335 252 est
1362 208 1408 252 in
1430 207 1622 253 Ecclesia

244 277 462 336 gentium,
488 280 610 339 eujus
634 278 706 323 illa
725 280 878 325 Ninive
900 280 1085 340 figuram
1109 280 1301 339 gerebat,
1318 280 1405 324 sive
1424 295 1501 340 per
1515 296 1625 341 qua-

243 349 442 408 draginta
464 349 570 406 dies,
595 351 681 395 sive
698 366 775 410 per
800 351 1008 407 triduum,
1034 350 1150 396 idem
1168 351 1258 411 ipse
1274 352 1539 411 significatus
1562 361 1626 396 est

244 420 464 477 Christus,
498 437 574 480 per
596 421 885 482 quadraginta
909 421 1095 477 seilicet,
1125 423 1225 483 quia
1253 430 1316 466 tot
1341 421 1431 466 dies
1461 422 1626 483 peregit

244 504 346 534 cum
382 491 610 551 Discipulis
643 492 728 537 suis
753 501 851 551 post
879 492 1260 547 resurrectionem,
1294 500 1337 536 et
1360 492 1554 536 ascendit
1576 491 1627 536 ,in

244 561 431 620 coelum3
463 578 541 623 per
569 563 765 608 triduum
794 580 924 619 vero,
957 564 1058 625 quia
1093 564 1162 608 die
1194 563 1321 609 tertio
1352 563 1584 608 resurrexit
1615 582 1624 608 :

245 643 453 694 tanquam
475 633 681 679 lectorem
704 635 811 680 nihil
833 635 953 681 aliud
984 651 1117 696 qnam
1143 635 1334 680 historiae
1357 650 1502 679 rerum
1527 651 1625 694 ges-

243 713 385 748 tarum
398 705 607 750 inhaerere
619 706 885 765 cupientem,
902 705 956 750 de
969 721 1122 751 somno
1140 705 1420 750 excitaverint
1439 707 1626 765 Septua-

245 774 363 833 ginta
382 775 652 836 interpretes,
678 777 896 837 iidemque
921 778 1165 836 Prophetae,
1193 776 1247 821 ad
1271 775 1628 836 perscrutandam

245 844 521 890 altitudinem
552 847 816 906 prophetiae,
840 855 883 891 et
906 846 1098 908 quodam
1120 845 1250 891 modo
1273 846 1460 891 dixerint
1492 866 1500 891 z
1530 865 1548 888 «
1576 850 1628 891 ln

244 916 532 976 quadraginta
555 917 710 962 diebus
732 918 873 978 ipsum
896 934 1064 979 qutere,
1089 918 1135 962 in
1157 934 1246 979 quo
1268 927 1311 962 et
1336 916 1530 962 triduum
1547 929 1629 978 po·-

245 987 377 1031 tueris
399 987 618 1045 invenire,
656 988 768 1033 illud
788 988 834 1032 in
852 989 1114 1044 ascensione,
1136 988 1279 1033 hocin
1307 989 1397 1049 ejus
1415 1002 1632 1032 resurrec-

245 1057 363 1102 tione
385 1059 584 1119 reperies.
614 1078 632 1100 »
651 1062 832 1120 Propter
841 1060 962 1122 quod
984 1070 1172 1121 utroque
1192 1075 1375 1104 numero
1397 1058 1631 1118 significari

245 1130 649 1174 convenientissime
670 1131 838 1190 potuit,
876 1147 1064 1192 quorum
1087 1147 1227 1176 unum
1250 1147 1327 1192 per
1351 1133 1508 1175 Jonam
1529 1146 1632 1191 pro-

244 1202 448 1260 phetam,
479 1201 664 1246 alterum
694 1218 771 1263 per
806 1204 1088 1262 Septuaginta
1119 1203 1408 1263 interpretum
1435 1203 1630 1262 prophe-

244 1272 365 1328 tiam,
387 1282 426 1317 ta
434 1288 533 1317 men
550 1289 662 1318 unus
676 1283 807 1334 atque
823 1274 940 1318 idem
957 1274 1139 1334 Spiritus
1154 1273 1272 1318 dixit.
1292 1272 1633 1333 L‘ongitudinem

245 1341 392 1402 fugio,
419 1353 469 1388 ut
490 1360 579 1389 11011
600 1345 693 1389 11900
715 1361 792 1405 per
814 1344 951 1390 multa
970 1345 1262 1392 demonstrem
1281 1380 1292 1400 ,
1326 1345 1370 1388 in
1393 1344 1554 1406 quibus
1576 1342 1632 1388 ab

246 1413 451 1459 hebrai'ca
480 1415 660 1460 veritate
693 1424 905 1475 putantur
940 1417 1221 1475 Septuaginta
1256 1415 1512 1476 interpretes
1542 1414 1632 1459 dis-

245 1502 447 1546 crepare,
480 1496 523 1531 et
558 1487 670 1532 bene
703 1486 911 1532 intellecti
944 1487 1227 1532 inveniuntur
1255 1502 1345 1532 esse
1376 1485 1628 1532 concordes.

247 1556 372 1601 Unde
398 1558 529 1602 etiam
551 1574 632 1618 ego
655 1575 734 1619 pro
757 1575 855 1603 11100
878 1557 1059 1617 modulo
1081 1559 1260 1617 vestigia
1285 1574 1468 1619 sequens
1491 1561 1632 1617 Apos-

245 1628 457 1684 tolorum,
495 1630 598 1690 quia
617 1639 660 1675 et
678 1630 756 1691 ipsi
780 1646 831 1674 ex
850 1629 1044 1691 utrisque
1061 1666 1071 1685 ,
1107 1629 1152 1674 id
1186 1639 1275 1685 est,
1311 1647 1360 1673 ex
1382 1628 1568 1674 hebraeis
1590 1636 1635 1672 et

246 1715 297 1743 ex
322 1701 630 1760 Septuaginta,
666 1701 912 1746 testimonia
933 1701 1186 1761 prophetica
1216 1710 1460 1760 posuerunt
1477 1735 1487 1755 ,
1513 1709 1635 1744 utra-

246 1785 332 1829 que
362 1771 618 1815 auctoritate
641 1772 857 1816 utendum
879 1772 1057 1831 putavi,
1094 1771 1303 1832 quoniam
1338 1780 1523 1831 utraque
1545 1786 1635 1814 una

248 1851 378 1902 atque
417 1842 563 1887 divina
597 1851 674 1887 est.
716 1842 800 1888 Sed
828 1844 919 1904 jam
948 1858 1048 1903 quae
1081 1851 1272 1899 restant,
1305 1850 1355 1886 ut
1387 1840 1599 1901 possimus
1620 1875 1631 1895 ,

248 1929 528 1974 exequamur.
