1742 2860
246 109 333 150 302
666 118 702 145 s.
737 113 969 148 Avonsrnu
1002 117 1183 147 Emscom

244 201 337 237 esse
368 182 597 243 credatur3
627 184 715 230 sive
748 183 892 244 aliqua
920 185 1084 230 ratione
1116 193 1401 244 m011stretur3
1438 201 1528 233 non
1555 196 1623 232 ta-

245 274 347 305 men
367 273 456 304 0850
479 270 772 316 consequens,
797 264 847 300 ut
868 255 998 300 etiam
1021 272 1072 301 ex
1092 256 1164 301 illa
1185 267 1307 317 parte
1335 258 1391 302 ab
1412 275 1626 320 aquarum

244 329 443 389 congerie
465 328 583 373 nuda
611 328 665 371 sit
685 334 800 371 terra
825 345 834 371 2
859 324 1017 372 deinde
1039 328 1205 372 etiamsi
1228 327 1347 373 nuda
1376 329 1450 385 sit,
1483 345 1626 391 neque

243 403 327 452 hoe
356 400 500 445 statim
534 413 706 443 neeesse
738 412 854 453 esse,
891 406 940 442 ut
970 398 1165 443 homines
1201 379 1627 460 lial)eat[Quonia1n

243 471 366 517 nullo
388 468 520 516 modo
544 468 763 531 Scriptura
784 468 863 513 ista
886 469 1117 522 mentitur,
1143 485 1243 530 quae
1264 471 1446 516 narratis
1466 480 1627 531 praete-

242 543 332 587 ritis
354 540 459 586 facit
479 538 610 585 fidem
625 575 636 595 ‚
667 555 719 584 eo
740 539 862 601 quod
885 539 976 600 ejus
999 539 1204 599 praedicta
1227 540 1503 601 complentur
1523 561 1532 586 ;
1556 541 1626 586 ni—

242 614 410 674 misque
428 611 667 656 absurdum
688 620 778 667 est,
803 621 853 656 ut
874 610 1043 656 dicatur
1066 610 1232 673 aliquos
1254 613 1452 658 homines
1472 629 1523 659 ex
1544 613 1626 658 hae

242 686 288 730 in
318 684 436 729 illam
469 692 660 744 partem,
690 683 852 729 Oceani
878 684 1166 727 immensitate
1192 685 1392 744 trajecta,
1423 685 1626 743 navigare

243 773 293 802 ae
321 756 546 816 pervenire
574 755 785 815 potuisse,
820 764 871 800 ut
903 755 1033 800 etiam
1063 755 1149 800 illie
1182 770 1234 799 ex
1263 771 1352 800 uno
1383 755 1457 799 illo
1487 756 1629 815 primo

242 827 420 872 homine
441 840 577 886 genus
606 828 904 873 institueretur
930 827 1193 872 humanum.
1219 829 1494 887 Quapropter
1515 827 1629 871 inter

241 897 337 943 illos
366 906 473 944 tunc
499 897 729 944 hominum
766 897 977 958 populos,
1012 898 1087 958 qui
1120 913 1198 958 per
1229 897 1628 958 septuaginta—duas

241 979 389 1028 gentes
417 978 461 1016 et
482 969 665 1015 totidem
688 969 855 1028 linguas
877 968 1145 1028 colliguntur
1177 967 1307 1014 fuisse
1329 968 1476 1025 divisi,
1501 986 1626 1030 qute-

241 1055 385 1085 ramus
397 1075 408 1096 ,
428 1040 462 1084 si
479 1055 708 1101 possumus
730 1040 923 1086 invenire
940 1039 1059 1084 illam
1079 1040 1124 1085 in
1141 1040 1263 1084 terris
1279 1039 1626 1100 peregrinantem

241 1111 471 1157 Civitatem
500 1111 603 1168 Dei,
633 1127 733 1171 quae
762 1126 901 1171 usque
929 1110 984 1157 ad
1012 1109 1227 1155 diluvium
1258 1125 1488 1171 areamque
1523 1126 1626 1170 per-

241 1180 373 1226 ducta
402 1191 491 1237 est,
530 1192 662 1244 atque
690 1183 735 1228 in
757 1182 854 1228 filiis
886 1185 978 1229 Noe
1007 1198 1085 1242 per
1115 1198 1266 1228 eorum
1300 1181 1625 1227 benedictiones

241 1267 535 1312 perseverasse
576 1263 870 1310 monstratur,
904 1254 1089 1299 maxime
1122 1254 1167 1299 in
1205 1254 1413 1310 maximo,
1455 1253 1531 1314 qui
1562 1262 1625 1297 est

242 1324 483 1384 appellatus
513 1328 612 1371 Sem
644 1348 655 1372 2
684 1326 863 1389 quando
893 1325 1071 1387 quidem
1100 1326 1259 1386 Japhet
1286 1326 1344 1371 ita
1370 1324 1625 1370 benedictus

243 1405 328 1450 est,
354 1404 404 1440 ut
424 1396 468 1440 in
498 1396 693 1457 ejusdem
714 1396 856 1440 fratris
877 1397 945 1439 sui
968 1396 1171 1440 domibus
1193 1397 1423 1441 habitaret.

243 1528 1623 1547 mmwwmwvwwvvmvmwvvtwvmumvvvwwwwmwwwvvvmmmmmm

774 1655 991 1707 CAPUT
1029 1659 1091 1706 X.

242 1779 320 1825 De
338 1778 649 1841 generatione
670 1776 808 1834 Sem,
838 1778 887 1823 in
919 1777 1054 1839 cujus
1071 1778 1302 1840 progenie
1333 1775 1530 1823 tendens
1559 1778 1629 1823 ad

429 1847 691 1897 Abraham
719 1848 938 1896 Civitatis
954 1850 1052 1895 Dei
1070 1848 1188 1895 ordo
1211 1848 1445 1912 dirigitur.

300 1970 335 2012 I.
363 1968 570 2013 TENENDA
588 1975 651 2011 est
666 1965 798 2026 igitur
819 1967 945 2012 series
967 1966 1294 2027 generationum
1316 1966 1479 2025 abipso
1503 1968 1623 2022 Sem,

240 2047 292 2083 ut
311 2038 403 2099 ipsa
431 2036 633 2084 ostendat
657 2047 754 2098 post
776 2038 990 2083 diluvium
1017 2036 1248 2082 Civitatem
1270 2037 1372 2095 Dei;
1397 2037 1508 2082 sicut
1531 2053 1627 2082 eam

240 2110 366 2156 series
389 2109 719 2169 generationum
741 2108 795 2152 ab
818 2108 894 2154 illo
919 2107 1027 2170 quid
1048 2117 1111 2152 est
1132 2107 1373 2168 appellatus
1397 2108 1499 2153 Seth
1517 2142 1528 2164 ‚
1553 2124 1624 2153 os-

240 2180 449 2227 tendebat
462 2189 562 2225 ante
575 2179 806 2226 diluvium.
827 2184 1009 2240 Propter
1021 2181 1104 2224 hoe
1122 2195 1223 2238 ergo
1243 2180 1463 2239 Scriptura
1479 2178 1625 2225 divina

238 2269 340 2299 011111
357 2262 573 2300 terrenam
596 2251 825 2299 Civitatem
846 2252 890 2297 in
914 2251 1161 2310 Babylone,
1186 2252 1270 2296 hoe
1288 2261 1372 2307 est⁷
1398 2251 1443 2296 in
1468 2250 1625 2296 confu-

239 2325 359 2370 sione
382 2331 684 2378 monstrasset,
707 2321 763 2367 ad
780 2322 1069 2382 patriarcham
1091 2324 1188 2368 Sem
1206 2321 1535 2382 recapitulamlo
1557 2338 1625 2366 re-

240 2394 446 2450 vertitur,
472 2401 516 2437 et
535 2391 704 2439 orditur
721 2391 821 2436 inde
839 2392 1134 2452 generationes
1157 2408 1294 2453 usque
1312 2391 1367 2437 ad
1383 2393 1619 2448 Abraham,

241 2474 580 2511 commemorato
597 2464 726 2509 etiam
746 2479 927 2509 numero
947 2479 1157 2508 annorum
1180 2473 1345 2524 quanto
1367 2464 1549 2523 quisque
1568 2462 1621 2506 ad
