1742 2860
234 144 318 187 340
666 158 699 183 S·
735 156 964 184 AUGUSTINI
997 156 1180 183 Erlscort

235 243 255 265 »
282 238 332 267 eo
354 236 502 267 omnes
526 231 673 281 gentes
697 231 819 266 terrae
835 224 863 264 ¹.
895 239 915 262 »
953 220 1009 266 Et
1042 220 1112 266 hic
1156 220 1244 265 duo
1265 220 1338 266 illa
1360 221 1609 268 brevissime

231 293 563 356 plenissimeque
597 292 802 352 promissa
825 301 948 347 sunt,
981 307 1083 350 gens
1115 291 1246 338 Israel
1266 292 1508 340 secundum
1520 309 1610 340 car-

231 381 356 421 nem,
382 374 425 409 et
444 379 591 410 ornnes
615 372 762 422 gentes
783 360 1027 408 secundum
1048 362 1196 408 fidem.

936 509 1025 527 m

228 510 721 531 ΦῚΜΜΛΛΜΊΝῚΝῚΜΜἋΜ

1218 509 1356 529 *vmwu
1360 510 1610 530 WUWWWWW

705 641 922 695 CAPUT
958 643 1118 693 XXX,

222 778 301 829 De
329 777 422 826 Lot
456 793 489 823 α
517 774 740 825 Sodomis
775 774 1000 833 liberato,
1041 784 1186 834 atque
1224 772 1403 820 eisdem
1432 772 1617 820 coelesti

281 853 394 914 igne
415 848 708 909 consumptis
730 868 751 903 ,·
773 856 818 892 et
841 846 900 891 de
927 847 976 892 A
983 845 1213 892 bz'meleclz
1222 881 1239 903 ,
1280 845 1418 909 eujus
1440 861 1614 893 coneu-

277 922 517 987 pz'scentia
539 919 759 967 castitati
777 918 944 965 Sarrce
965 933 1136 964 nocere
1158 934 1259 964 non*
1270 918 1441 978 potuit.

281 1053 390 1095 PosT
410 1049 525 1093 haue
552 1045 882 1109 promissionem
912 1043 1097 1089 liberato
1129 1043 1183 1088 de
1215 1043 1410 1089 Sodomis
1431 1047 1539 1100 Lot,
1571 1052 1615 1090 et

221 1121 422 1169 veniente
451 1121 579 1180 igneo
602 1118 742 1163 imbre
764 1116 819 1161 de
837 1116 973 1172 eoelo,
1000 1126 1091 1161 tota
1121 1115 1193 1160 illa
1212 1116 1329 1176 regio
1348 1116 1492 1178 impiae
1510 1115 1615 1161 eivi-

220 1194 319 1240 tatis
345 1193 391 1237 in
404 1192 593 1236 cinerem
615 1206 736 1234 versa
764 1190 871 1244 est²‚
901 1187 976 1232 ubi
998 1197 1145 1248 stupra
1163 1187 1208 1231 in
1225 1186 1438 1232 masculos
1455 1187 1501 1231 in
1515 1196 1614 1232 tan-

221 1275 311 1311 tam
337 1261 696 1309 consuetudinem
725 1259 1037 1305 convaluerant
1059 1295 1070 1315 ‚
1106 1268 1316 1320 quautam
1338 1258 1453 1318 leges
1475 1258 1615 1305 solent

222 1336 406 1383 aliorum
421 1335 635 1380 factorum
654 1332 850 1394 praebere
870 1331 1107 1375 licentiam.
1129 1333 1293 1375 Verum
1311 1340 1353 1375 et
1366 1331 1449 1376 hoe
1464 1346 1615 1376 eorum

221 1408 484 1470 supplicium
507 1406 726 1467 specimen
757 1403 892 1448 futuri
912 1402 1066 1463 judicii
1098 1402 1233 1446 divini
1263 1401 1360 1446 fuit.
1393 1405 1503 1448 Nam
1526 1419 1615 1464 quo

221 1481 411 1543 pertinet
424 1478 541 1540 quod
553 1475 759 1539 prohibiti
773 1484 889 1530 sunt,
902 1475 977 1535 qui
989 1473 1287 1518 liberabantur
1297 1474 1351 1517 ab
1365 1474 1540 1534 Angelis
1552 1490 1615 1519 re·-

221 1563 289 1599 tro
313 1551 522 1611 respicere
538 1585 549 1605 ‚
581 1548 661 1593 nisi
682 1547 784 1608 quia
807 1562 896 1590 non
917 1554 980 1589 est
998 1544 1143 1589 animo
1164 1543 1437 1590 redeundum
1463 1544 1519 1590 ad
1539 1561 1616 1591 ve-

222 1635 360 1672 terem
376 1623 510 1667 vitam
529 1657 538 1676 ,
561 1637 645 1681 qua
660 1636 736 1679 per
751 1618 932 1678 gratiam
947 1626 1224 1675 regeneratus
1241 1617 1411 1661 exuitur
1425 1653 1436 1672 ,
1455 1617 1489 1661 si
1507 1616 1614 1662 ulti-

222 1710 345 1742 mum
361 1691 542 1738 evadere
558 1690 773 1750 judicium
792 1688 1060 1746 cogitamus?
1084 1686 1280 1746 Denique
1298 1703 1407 1732 uxor
1424 1690 1522 1743 Lot,
1535 1687 1614 1732 ubi

221 1765 434 1826 respexit,
461 1761 665 1807 remansit
691 1782 702 1818 3
730 1770 772 1803 ct
804 1759 847 1803 in
863 1757 994 1803 salem
1009 1773 1215 1802 conversa
1230 1758 1480 1803 hominibus
1503 1758 1614 1803 fide-

221 1838 337 1883 libus
387 1832 608 1896 quoddam
660 1829 859 1890 praestitit
903 1827 1233 1872 condimentum
1257 1864 1268 1883 ,
1315 1844 1404 1889 quo
1447 1829 1614 1889 sapiant

223 1905 389 1967 aliquid
410 1940 421 1959 ‚
468 1903 585 1946 unde
622 1900 733 1945 illud
771 1908 973 1944 caveatur
1007 1897 1270 1958 exemplum.
1316 1897 1424 1942 Inde
1466 1915 1612 1944 rursus

221 1977 445 2026 Abraham
470 1973 569 2017 fecit
591 1973 636 2016 in
655 1971 823 2016 Geraris
847 1969 964 2031 apud
988 1985 1133 2028 regem
1157 1968 1340 2013 civitatis
1365 1967 1479 2013 illius
1502 1970 1611 2014 Abi-

222 2047 420 2101 melech,
452 2044 573 2105 quod
595 2044 639 2086 in
661 2046 852 2102 AEgypto
873 2041 926 2085 dc
950 2041 1134 2100 conjuge
1166 2038 1349 2095 fecerat,
1387 2042 1513 2100 eique
1542 2041 1611 2084 in-

224 2130 339 2165 tacta
364 2115 558 2161 similiter
581 2112 749 2157 reddita
778 2122 854 2156 est.
885 2112 968 2156 Ubi
991 2127 1093 2155 sane
1115 2111 1336 2154 Abraham
1363 2110 1611 2171 objurganti

225 2192 314 2250 regi
340 2205 417 2234 cur
440 2187 640 2231 tacuisset
664 2200 843 2229 uxorem
858 2219 868 2239 ‚
895 2198 1173 2243 sororemque
1196 2181 1369 2226 dixisset
1384 2217 1394 2237 ,
1417 2182 1610 2242 aperiens

225 2261 333 2324 quid
355 2258 573 2312 timuerit,
615 2256 743 2300 etiam
777 2256 860 2299 hoe
891 2253 1059 2298 addidit
1085 2273 1093 2297 :
1123 2273 1141 2295 α
1168 2253 1342 2297 Etenim
1364 2269 1463 2297 vere
1490 2269 1610 2298 soror

228 2353 249 2377 ³>
284 2350 378 2378 mea
401 2341 464 2376 est
485 2331 538 2374 de
562 2338 702 2389 patre,
728 2326 800 2371 sed
827 2342 915 2370 non
936 2325 988 2370 de
1010 2335 1146 2370 matre
1162 2326 1176 2350 3
1197 2345 1204 2369 ;
1233 2343 1253 2366 n
1289 2326 1389 2385 quia
1412 2324 1465 2369 de
1487 2335 1608 2385 patre

225 2421 303 2452 suo
316 2419 436 2450 soror
453 2410 543 2447 erat
559 2400 760 2454 Abrahae,
778 2398 831 2442 de
845 2414 932 2459 quo
951 2396 1194 2458 propinqua
1213 2397 1303 2456 ejus
1322 2405 1427 2442 crat.
1458 2399 1607 2442 'l‘antae

275 2515 482 2553 ¹G0n.xv1n‚
506 2509 608 2543 18.-
635 2509 787 2551 21d.x1x‚
807 2504 927 2550 24—25'.
949 2523 990 2531 --
1018 2503 1085 2541 31d.
1107 2517 1161 2548 xx,
1181 2513 1230 2538 12.
