1742 2860
194 80 277 122 474
611 93 645 118 s.
681 90 910 119 AUGUSTIM
944 93 1125 122 El’lscom

195 176 216 199 »
240 156 331 216 ipse
352 165 530 216 propter
547 155 668 217 quod
690 157 874 201 afflictus
891 165 980 212 est,
998 172 1087 202 non
1111 157 1279 218 aperuit
1299 172 1346 203 os
1359 173 1502 203 suum.
1521 161 1578 204 Ut

195 246 215 269 »
240 228 329 273 ovis
356 227 411 272 ad
431 227 751 272 immolandum
775 226 933 272 duetus
956 237 1040 284 est,
1061 238 1105 273 01
1127 238 1177 273 111
1198 244 1332 287 agnus
1355 239 1455 274 ante
1476 246 1578 274 eum

194 318 216 341 »
241 299 318 360 qui
345 315 390 344 se
422 299 603 355 tondet,
636 299 727 343 sine
754 314 861 344 voce
876 334 887 355 ,
912 300 971 344 sic
993 316 1082 345 non
1105 301 1276 361 aperuit
1293 317 1339 346 os
1361 317 1505 346 suum.
1527 305 1578 346 In

194 388 215 412 »
240 369 487 414 humilitate
510 368 728 430 judicium
751 370 842 429 ejus
876 369 1098 415 sublatum
1133 380 1210 415 est.
1246 371 1579 416 Generationem

194 459 216 482 »
239 443 331 502 ejus
353 441 450 502 quis
473 440 719 485 enarrabit?
733 441 949 494 Quoniam
961 440 1138 486 tolletur
1160 442 1215 487 de
1236 451 1348 487 terra
1365 442 1453 489 vita
1469 443 1575 503 ejus.

194 529 215 552 »
242 511 311 556 Ab
340 510 644 572 iniquitatibus
667 510 820 571 populi
847 511 932 556 mei
953 511 1109 557 duetus
1131 521 1194 557 est
1214 511 1270 556 ad
1297 522 1496 557 mortem.
1522 515 1581 558 Et

194 599 215 623 »
240 580 355 626 dabo
377 580 590 640 malignos
624 596 702 641 pro
731 579 954 641 sepultura
971 583 1084 643 ejus,
1106 592 1148 627 01
1170 582 1322 628 divites
1339 600 1418 643 pro
1440 592 1580 628 morte

194 671 215 694 »
241 654 347 714 ejus.
375 652 592 707 Quoniam
614 652 889 714 iniquitatem
911 670 1001 698 non
1018 653 1122 699 feeit
1138 690 1148 710 ,
1174 670 1254 700 1100
1276 654 1427 700 (10111111
1448 655 1580 700 inore

195 743 215 765 »
244 740 322 769 suo
349 744 358 769 :
384 734 428 769 et
450 724 661 771 Dominus
683 724 780 769 vult
801 741 985 785 purgare
1007 742 1107 770 eum
1137 726 1191 770 de
1212 726 1354 786 plaga.
1383 727 1424 772 Si
1447 725 1582 771 dede-

194 814 214 838 »
242 797 332 841 ritis
350 812 430 856 pro
453 806 633 857 peccato
656 797 844 841 animam
866 807 1078 854 vestram,
1099 798 1301 843 videbitis
1319 813 1464 843 semen
1482 797 1580 843 lon-

193 885 214 909 »
240 883 412 927 gaevum
439 887 446 912 :
473 877 516 912 et
539 868 747 912 Dominus
767 867 863 913 vult
883 867 1053 912 auferre
1068 885 1090 913 a
1103 868 1252 914 dolore
1269 869 1457 913 animam
1471 869 1577 928 ejus,

193 956 213 979 »
240 939 468 983 ostendere
491 938 553 983 illi
572 938 717 983 lucem
734 974 744 994 ,
766 949 809 983 01
826 938 1014 984 formare
1034 939 1303 984 intellectum
1318 975 1328 994 ,
1344 939 1579 1000 justificare

193 1011 402 1071 »justum
431 1010 544 1055 bene
576 1010 837 1055 servientem
870 1010 1070 1071 pluribus
1104 1031 1113 1056 ε
1146 1021 1189 1055 01
1220 1021 1395 1071 peecata
1428 1025 1579 1056 eorum

192 1097 212 1121 »
238 1080 328 1140 ipse
351 1080 558 1140 portabit.
587 1085 818 1141 Propterea
841 1080 931 1141 ipse
955 1080 1232 1126 haereditabit
1248 1081 1409 1141 plures,
1427 1090 1470 1126 et
1490 1080 1580 1126 sor-

192 1169 212 1193 »
239 1153 348 1197 tium
370 1152 536 1198 dividet
553 1152 689 1212 spolia
712 1172 720 1198 :
742 1169 899 1213 proper
917 1153 1037 1214 quod
1060 1153 1216 1198 tradita
1238 1162 1302 1197 est
1318 1153 1372 1198 ad
1394 1161 1580 1197 mortem

192 1240 213 1263 »
238 1223 379 1267 anima
404 1224 494 1283 ejus
513 1242 524 1280 3
549 1232 592 1267 01
609 1223 720 1267 inter
743 1223 915 1284 iniquos
942 1223 1178 1268 aestimatus
1199 1232 1286 1279 est,
1309 1233 1351 1268 et
1372 1222 1578 1283 111501100-

192 1312 212 1335 »
238 1303 334 1339 cata
356 1293 604 1339 multorum
628 1295 834 1354 portavit,
859 1304 902 1339 et
924 1304 1101 1355 propter
1124 1304 1300 1355 peccata
1322 1310 1473 1340 eorum
1491 1304 1580 1339 tra-

190 1383 211 1406 »
237 1366 352 1410 ditus
371 1375 434 1411 est
451 1368 480 1410 ¹.
505 1384 524 1407 ³)
555 1369 656 1411 Haec
674 1365 728 1410 de
746 1366 934 1411 Christo.

251 1440 309 1481 ΙΙ.
345 1440 443 1481 Jam
475 1452 579 1482 vero
602 1437 656 1481 do
684 1437 899 1492 Ecclesia,
934 1436 1052 1497 quod
1086 1437 1308 1498 sequitur,
1336 1436 1576 1482 audiamus.

193 1527 213 1550 «
239 1510 406 1551 Laetare
428 1506 605 1563 sterilis,
631 1507 798 1568 inquit,
824 1524 922 1568 quse
945 1524 1034 1552 non
1047 1508 1175 1568 paris,
1191 1524 1372 1568 erumpe
1386 1517 1429 1552 et
1440 1507 1579 1552 clama

193 1596 213 1619 »
238 1594 336 1638 quae
367 1593 458 1622 non
480 1577 668 1637 parturis
696 1597 703 1621 :
732 1578 940 1638 quoniam
969 1578 1097 1622 multi
1126 1578 1204 1622 filii
1242 1578 1422 1622 dosertae
1445 1578 1579 1637 magis

193 1666 212 1689 »
240 1663 372 1709 quam
396 1648 486 1708 ejus
509 1664 607 1708 quae
638 1647 772 1691 habet
793 1647 951 1692 virum.
980 1647 1121 1692 Dilata
1143 1646 1287 1692 10011111
1311 1646 1579 1692 tabernaculi

194 1737 213 1759 »
240 1719 327 1772 1111,
353 1727 397 1762 01
414 1717 652 1761 aulaearum
676 1727 851 1761 tuarum
875 1737 883 1762 z
909 1719 1017 1777 fige,
1043 1717 1134 1762 noli
1149 1734 1347 1778 parcere,
1368 1717 1579 1777 prolonga

193 1806 213 1828 »
239 1786 456 1832 funiculos
488 1798 585 1833 tuos
602 1823 612 1843 ,
645 1797 687 1832 01
713 1788 835 1848 palos
857 1797 954 1832 tuos
977 1787 1200 1844 conforta,
1232 1788 1375 1832 adhue
1404 1789 1449 1831 in
1472 1787 1578 1832 dex-

194 1876 213 1898 »
242 1866 353 1902 tram
375 1867 418 1901 01
439 1858 651 1902 sinistram
674 1867 840 1918 partem
864 1858 1061 1902 extende.
1089 1861 1145 1903 Et
1175 1874 1322 1902 semen
1345 1867 1471 1902 11111111
1485 1858 1578 1901 hae-

193 1947 213 1969 >›
240 1929 444 1973 reditabit
478 1939 653 1989 gentes3
686 1939 729 1973 et
757 1930 951 1974 civitates
981 1929 1170 1974 desertas
1200 1929 1479 1973 inhabitabis.
1515 1931 1578 1973 Ne

193 2017 214 2040 »
243 1999 414 2054 timeas,
448 2000 655 2060 quoniam
687 2000 868 2043 confusa
901 2015 973 2057 es3
1009 2015 1152 2059 neque
1186 1999 1440 2053 reverearis,
1477 1997 1578 2058 quia

194 2088 214 2111 »
241 2070 498 2130 exprobrata
519 2087 562 2114 es
589 2090 597 2115 :
623 2071 830 2131 quoniam
854 2069 1154 2114 confusionem
1172 2079 1379 2114 [eternam
1397 2067 1577 2113 oblivis-

194 2159 215 2182 »
241 2142 372 2198 ceris,
398 2152 440 2186 et
463 2142 686 2203 opprobrii
707 2142 929 2186 viduitatis
947 2151 1033 2186 tuae
1053 2157 1141 2186 non
1159 2141 1239 2185 eris
1253 2156 1434 2185 memor.
1457 2143 1577 2193 Quo-

194 2231 214 2254 »
240 2213 356 2258 niam
380 2214 588 2259 Dominus
604 2213 759 2258 faciens
775 2224 833 2270 10,
850 2214 1058 2258 Dominus
1076 2213 1264 2258 Sabaoth
1280 2229 1439 2257 nomen
1452 2212 1540 2272 ejus
1564 2231 1572 2256 :

195 2302 216 2324 »
241 2285 378 2345 etqui
399 2285 512 2330 eruit
535 2294 601 2340 10,
628 2285 716 2345 ipse
734 2289 848 2329 Deus
868 2283 997 2329 Isra'el
1020 2283 1231 2328 universae
1258 2293 1379 2328 terrm
1397 2283 1574 2328 vocabi-

196 2373 216 2396 »
243 2364 314 2401 tur
332 2357 348 2381 ²
375 2374 384 2400 2
413 2374 433 2397 »
459 2365 503 2400 et
520 2365 689 2401 caetera.
707 2357 869 2400 Verum
893 2355 970 2400 ista
993 2355 1079 2400 sint
1099 2354 1199 2400 satis
1222 2373 1229 2400 ;
1255 2364 1297 2399 et
1319 2355 1363 2399 in
1391 2354 1450 2398 eis
1474 2362 1576 2399 sunt

241 2441 338 2472 ¹Isa'i'.
359 2450 422 2483 Lm,
450 2449 545 2474 1—12.
566 2457 606 2463 -
633 2439 710 2475 ²1d.
732 2450 797 2482 mv,
817 2439 884 2481 1-5‚
