1742 2860
260 77 343 118 470
674 93 705 115 s.
745 91 967 115 trunsum:
1008 92 1184 118 remcort

256 154 401 215 posuit
428 157 557 209 Osee7
582 154 625 197 in
648 154 786 213 eapite
817 154 915 197 litu-i
941 155 1002 197 sui
1030 155 1173 213 ponit,
1203 171 1392 215 «piorum
1425 155 1577 201 diebus
1600 173 1643 201 se

254 225 538 284 prophetasse
555 223 855 285 przelozpiitur.
883 224 1083 269 Michaeas
1107 226 1237 269 etiam
1255 224 1407 270 eadem
1428 242 1516 270 suae
1540 242 1642 286 pro-

256 295 416 354 phetiae
455 303 765 339 commemorat
802 304 994 354 tempora
1023 304 1121 355 post
1152 294 1242 339 dies
1264 295 1395 339 Oziae.
1428 298 1536 340 Nam
1560 306 1643 341 tres
1700 324 1704 327 ·

255 366 332 428 qui
364 375 607 427 sequuntur
639 381 756 425 reges
787 366 1007 421 nominat,
1039 382 1148 426 quos
1170 376 1213 410 ct
1241 367 1350 411 Osee
1372 366 1638 423 nominavit,

255 437 469 492 Joafflwn,
503 447 546 481 et
576 437 744 491 Aehaz,
778 446 821 480 et
856 438 1100 482 Ezechiam.
1136 437 1189 480 Hi
1219 447 1321 481 sunt
1353 453 1462 497 quos
1488 437 1641 483 eodem

254 517 449 569 tempore
469 507 596 552 simul
619 509 897 568 prophetasse
921 526 971 552 ex
989 525 1137 554 eorum
1151 508 1642 555 litterisinvenitur.His

254 579 508 641 adjungitur
534 583 680 635 Jonas⁷
704 579 857 625 eodem
872 582 973 626 Ozia
997 597 1095 640 rege
1113 590 1338 640 regnante,
1361 590 1404 625 et
1435 580 1531 626 Jo'el
1542 597 1643 626 eum

250 654 341 713 jam
370 661 571 711 regnaret
603 652 816 709 Joathmi,
849 652 923 714 qui
947 653 1150 698 suecessit
1177 652 1307 697 Oziae..
1355 651 1439 697 Sed
1459 652 1641 697 istorum

255 723 572 782 Prophetarum
596 720 782 766 duorum
809 733 1002 783 tempora
1026 725 1069 767 in
1097 722 1346 778 Chronieis‚
1372 738 1461 768 non
1490 722 1535 766 in
1565 739 1640 768 co-

253 808 352 837 rum
385 791 506 838 libris
535 794 756 854 potuimus
778 794 992 849 invenire,
1012 794 1217 855 quoniam
1234 793 1287 837 de
1305 794 1388 837 suis
1403 792 1555 838 diebus
1575 802 1640 843 ta-

253 873 368 909 cent.
403 865 660 910 Teuduntur
689 875 834 910 autem
857 865 901 910 hi
926 865 1015 910 dies
1039 883 1060 910 a
1081 882 1179 924 rege
1200 866 1453 910 Latinorum
1476 868 1609 909 Proca
1626 900 1637 921 ⁷

253 935 341 978 sive
364 935 583 995 superiore
605 936 821 980 Aventino
839 971 848 989 ‚
886 952 1024 996 usque
1048 936 1101 979 ad
1126 951 1270 994 regem
1294 933 1532 979 Romulum
1549 937 1640 996 jam

254 1007 574 1060 Romanorum,
595 1005 664 1049 vel
687 1006 815 1049 etiam
835 1021 972 1066 usque
989 1006 1043 1049 ad
1069 1007 1188 1065 regni
1211 1005 1445 1065 primordia
1467 1021 1639 1050 sueces-

253 1076 357 1120 soris
380 1078 470 1137 ejus
494 1079 647 1121 Numae
682 1075 896 1135 Pompilii.
930 1076 1134 1120 Ezechias
1165 1077 1327 1137 quippe
1359 1093 1431 1120 rex
1453 1076 1566 1121 Juda
1588 1094 1640 1122 eo

255 1162 392 1207 usque
415 1146 610 1205 regnavit
627 1166 636 1203 3
655 1162 702 1190 ae
725 1162 801 1206 per
820 1147 901 1190 hoe
920 1162 995 1206 per
1009 1163 1055 1189 ea
1073 1156 1266 1207 tempora
1285 1146 1351 1191 isti
1364 1146 1639 1192 velutfontes

254 1218 493 1277 prophetiae
530 1217 690 1276 pariter
731 1227 969 1277 eruperunt
992 1253 1001 1273 ‚
1045 1218 1222 1277 quaudo
1262 1234 1444 1277 regnum
1478 1217 1639 1263 defecit

254 1288 492 1346 assyrium,
530 1287 751 1347 coepitque
780 1303 1007 1331 romanum
1032 1308 1039 1331 :
1075 1297 1124 1331 ut
1163 1287 1323 1332 scilieet
1352 1287 1639 1349 quemadmo—

254 1357 361 1402 dum
388 1357 507 1416 rcgni
534 1357 805 1415 Assyriorum
835 1358 974 1417 primo
1008 1367 1201 1418 tempore
1223 1358 1361 1402 extitit
1387 1359 1607 1403 Abraham
1623 1395 1633 1415 ,

253 1428 322 1473 cui
345 1427 646 1488 promissiones
669 1428 944 1487 apertissime
966 1428 1118 1472 fierent
1135 1428 1179 1471 in
1204 1429 1293 1488 ejus
1316 1427 1477 1472 semiue
1502 1429 1636 1474 bene-

253 1498 452 1544 dictionis
492 1498 686 1543 onmium
727 1498 945 1557 gentium,
983 1497 1041 1542 ita
1084 1497 1363 1542 occidentalis
1405 1499 1637 1557 Babylonis

255 1569 452 1623 exordio,
478 1585 563 1629 qua
584 1567 726 1612 fuerat
748 1569 945 1612 Christus
969 1568 1206 1628 imperante
1228 1578 1458 1624 venturus,
1484 1570 1526 1613 111
1548 1588 1636 1631 quo

252 1639 537 1699 implerentur
550 1639 622 1682 illa
636 1638 842 1698 promissa
859 1638 1028 1682 oracula
1046 1641 1374 1698 Prophetarum,
1389 1656 1478 1684 non
1496 1640 1636 1686 solum

251 1711 549 1772 loquentium⁷
577 1710 859 1754 verumetiam
885 1710 1372 1755 501111011111111111111111103
1398 1712 1457 1754 rei
1476 1710 1635 1756 futurae

251 1782 549 1827 testimonium
571 1780 855 1826 solverentur.
892 1785 1002 1827 Cum
1022 1781 1136 1825 0111111
1161 1783 1388 1842 Prophetae
1409 1799 1634 1844 nunquam

251 1852 341 1899 fere
363 1852 773 1913 delitissentpopulo
799 1852 924 1896 Israel
943 1889 953 1908 ⁷
980 1870 1028 1896 ex
1047 1870 1133 1914 quo
1156 1854 1216 1897 ihi
1235 1870 1353 1913 reges
1376 1869 1464 1897 esse
1488 1871 1635 1915 coepe-

251 1934 377 1981 runt,
400 1925 444 1969 111
476 1941 604 1969 usum
633 1923 938 1968 tantummodo
962 1941 1110 1968 eorum
1138 1924 1280 1981 luere,
1306 1942 1393 1969 non
1419 1927 1629 1984 gentium.

251 1996 437 2051 Quando
451 2006 594 2041 autem
610 2013 657 2040 ea
674 1997 891 2056 Scriptura
911 1996 1178 2040 manifestius
1193 1997 1443 2057 prophetica
1468 1997 1632 2041 conde-

251 2068 395 2123 batur,
417 2084 515 2129 quae
529 2068 730 2126 gentibus
748 2067 1012 2128 quandoque
1030 2067 1265 2127 prodtsset,
1283 2077 1387 2111 tunc
1403 2069 1633 2127 oportebat

250 2138 480 2198 inciperet,
502 2138 678 2199 quaudo
702 2138 971 2183 condebatur
989 2139 1082 2182 hare
1107 2139 1254 2182 civitas
1276 2173 1285 2192 ‚
1312 2155 1410 2199 quae
1429 2138 1630 2198 gentihus

248 2211 492 2272 imperaret.
