1742 2860
237 106 324 149 4¹10
653 127 687 153 s.
723 123 952 155 AUGUSTINI
985 125 1165 152 Episcom

233 195 398 232 restant
418 189 692 249 exponenda,
719 207 817 252 quae
841 191 885 234 in
903 190 960 235 eis
978 190 1120 234 minus
1144 188 1470 247 intelliguntur:
1492 188 1619 250 quale

235 256 348 302 illud
381 267 445 302 est
479 259 523 303 in
560 260 713 304 eodem
749 260 1017 305 Psalmorum
1051 260 1163 305 libro
1190 279 1199 305 ι
1232 279 1251 302 (ι
1286 259 1510 304 Eructavit
1546 275 1620 304 cor

238 345 259 368 »
285 343 432 372 meum
446 330 630 374 verbum
644 331 809 376 bonum
825 368 835 387 ,
857 331 954 376 dico
977 348 1057 391 ego
1079 346 1207 391 opera
1222 346 1315 374 mea
1332 331 1433 388 regi.
1452 329 1620 389 Lingua

237 415 258 439 »
284 414 379 443 mea
417 399 608 445 calamus
647 402 800 446 scribae
818 439 828 458 ,
869 402 1074 448 velociter
1110 402 1351 447 scribentis.
1395 401 1621 461 Speciosus

237 486 259 510 ))
286 468 425 515 forma
448 487 538 531 prae
567 471 664 517 filiis
686 473 916 518 hominnm
939 494 947 519 ;
985 473 1142 518 diffusa
1173 483 1236 517 cst
1259 472 1393 533 gratia
1421 472 1466 516 in
1498 471 1621 516 labiis

237 558 259 582 »
294 542 379 586 tuis
396 578 406 597 ,
432 553 635 604 proptera
652 544 873 590 benedixit
886 556 928 591 te
942 550 1057 591 Deus
1081 546 1124 589 in
1138 555 1365 590 aeternum.
1383 543 1622 603 Accingere

237 630 258 654 ³)
285 612 476 671 gladium
506 624 631 659 tuum
656 616 768 661 cirea
796 617 938 661 femur
959 617 1269 678 potentissime.
1299 614 1447 676 Specie
1476 623 1552 659 tua
1579 622 1624 658 et

235 701 257 724 »
286 683 613 743 pulchritudine
638 696 725 743 tua,
750 687 945 743 intende,
962 702 1165 748 prospere
1188 684 1390 747 procede,
1417 693 1459 729 et
1472 699 1619 744 regna.

236 771 256 794 n
283 757 466 815 Propter
492 757 720 802 veritatem
754 767 798 802 et
826 757 1206 802 mansuetiulinem
1237 766 1280 801 et
1303 754 1552 818 justitiam,v
1581 762 1625 799 et

235 842 256 865 »
283 823 472 871 deducet
495 836 537 872 te
559 828 814 873 mirabiliter
838 829 1011 873 dextera
1043 838 1132 873 tua.
1165 827 1341 886 Sagittae
1369 834 1457 869 tuae
1487 833 1625 869 acutae

235 913 256 937 ³>
282 897 608 956 potentissimae.
635 898 793 959 Populi
815 900 897 944 sub
920 909 962 945 te
983 898 1142 944 cadent
1164 918 1172 944 :
1207 898 1252 942 in
1269 895 1400 942 corde
1422 895 1624 941 inimico-

235 984 256 1007 »
284 982 382 1010 rum
405 969 529 1027 regis.
568 968 698 1013 Sedes
720 979 793 1013 tua
817 973 931 1014 Deus
954 971 995 1014 in
1021 968 1178 1014 saecula
1202 967 1459 1013 saeculorum
1475 1003 1485 1022 ,
1504 966 1625 1026 virga

236 1054 257 1078 »
283 1035 531 1083 directionis
561 1039 681 1098 virga
704 1040 824 1099 regni
858 1040 937 1084 tui.
965 1039 1158 1085 Dilexisti
1173 1038 1410 1099 justitiam,
1448 1046 1492 1081 et
1523 1036 1625 1081 odio

236 1125 257 1149 »
283 1107 473 1153 habuisti
491 1110 765 1171 iniquitatem
792 1131 800 1156 :
834 1120 1061 1172 propterea
1083 1110 1207 1155 unxit
1239 1118 1277 1153 te
1294 1145 1304 1165 ,
1342 1111 1479 1163 Deus,
1510 1110 1625 1152 Deus

236 1197 257 1219 »
285 1188 385 1224 tuus
408 1180 503 1225 olco
525 1181 798 1227 exultationis
822 1200 910 1243 prae
933 1182 1215 1243 participibus
1233 1181 1330 1225 tuis.
1353 1180 1555 1238 Myrrha,
1582 1187 1626 1222 et

237 1267 258 1291 υ
285 1260 407 1309 gutta
424 1288 434 1307 ,
461 1261 503 1296 et
525 1253 658 1308 casia,
681 1271 703 1298 a
721 1255 986 1299 vestimentis
1006 1254 1088 1298 tuis
1101 1290 1111 1309 ,
1133 1271 1155 1298 a
1171 1252 1374 1297 domibus
1392 1250 1594 1295 eburneis
1613 1269 1622 1296 :

239 1338 259 1361 ))
287 1337 337 1364 ex
359 1323 518 1382 quibus
541 1323 867 1368 delectav‹,=1·unt
880 1334 922 1368 tc
942 1324 1040 1368 filiae
1055 1340 1206 1382 regum
1220 1323 1265 1366 in
1279 1324 1444 1367 honore
1458 1331 1534 1366 tuo
1550 1323 1579 1364 ¹.
1601 1334 1621 1362 ›·›

237 1392 342 1444 Quis
356 1407 445 1436 non
473 1394 543 1438 hic
566 1394 810 1449 Christum,
837 1410 969 1455 quem
999 1394 1305 1454 praedicamus,
1341 1402 1382 1436 et
1417 1393 1462 1436 in
1492 1406 1626 1451 quem

235 1461 480 1519 credimus,
517 1463 758 1524 quamlibet
789 1465 843 1509 sit
873 1464 1047 1519 tardus,
1083 1465 1316 1522 agnoscat?
1354 1478 1453 1506 cum
1479 1460 1627 1505 audiat

237 1534 401 1587 Deum,
427 1534 548 1592 cujus
578 1533 698 1577 sedes
722 1544 785 1578 est
806 1535 851 1577 in
874 1533 1031 1578 saecula
1053 1533 1341 1589 speculorum,
1366 1542 1410 1576 et
1441 1541 1625 1575 unctum

238 1618 262 1646 a
285 1606 374 1646 Deo
391 1638 401 1656 ,
427 1603 579 1663 utique
601 1603 712 1646 sicut
734 1604 891 1662 unguit
914 1608 1050 1659 Deus,
1077 1621 1165 1647 non
1186 1602 1367 1658 visibili⁶
1403 1601 1479 1646 sed
1499 1601 1625 1661 spiri-

238 1672 313 1716 tali
335 1682 466 1733 atque
488 1672 750 1731 intelligibili
772 1674 1015 1718 chrismate.
1043 1675 1148 1728 Quis
1171 1674 1287 1717 enini
1310 1683 1396 1717 tam
1425 1671 1543 1716 rudis
1563 1681 1627 1716 est

238 1742 285 1786 in
314 1743 395 1787 hac
418 1743 648 1801 religione,
693 1743 762 1788 vel
794 1753 881 1788 tam
911 1744 1066 1789 surdus
1096 1744 1300 1789 adversus
1345 1744 1435 1803 ejus
1466 1741 1625 1786 famam

237 1812 369 1872 longe
391 1813 564 1873 lateque
586 1814 806 1868 diffusam,
832 1816 1114 1860 utChristum
1130 1832 1151 1858 a
1169 1815 1414 1869 chrismate,
1439 1813 1523 1857 hoc
1544 1820 1623 1867 est,

240 1884 294 1927 ab
318 1884 523 1928 unctione
541 1883 807 1944 appellatum
837 1901 925 1929 esse
950 1901 1038 1930 non
1061 1886 1258 1930 noverit?
1290 1884 1450 1943 Agnito
1480 1892 1627 1927 autem

240 1970 341 2013 rege
355 1955 526 1999 Christo
544 1990 554 2010 ,
575 1956 665 2015 jam
684 1965 839 1999 caetera
861 1972 959 2016 quac
982 1957 1052 2001 hie
1074 1956 1238 2016 tropice
1257 1955 1371 1999 dicta
1389 1963 1506 2008 sunt,
1521 1969 1628 2013 quo-

242 2024 374 2069 modo
396 2025 449 2069 sit
477 2026 693 2085 speciosus
721 2025 858 2070 forma
893 2043 982 2087 prse
1016 2027 1113 2071 filiis
1144 2027 1372 2071 hominum
1390 2061 1400 2080 ,
1437 2023 1626 2084 quadam

241 2105 363 2140 tanto
385 2096 519 2154 magis
545 2095 728 2140 amanda
758 2106 887 2157 atque
916 2096 1113 2141 miranda
1130 2133 1139 2151 ,
1167 2105 1332 2157 quanto
1356 2094 1498 2138 minus
1527 2109 1625 2139 cor-

241 2183 371 2227 porea
394 2166 747 2226 pulchritudine,
771 2168 867 2228 quis
893 2167 1059 2226 gladius
1082 2169 1173 2229 ejus
1189 2203 1200 2222 ,
1226 2182 1325 2227 quae
1358 2164 1524 2224 sagittae
1544 2200 1554 2220 ,
1584 2174 1628 2209 et

241 2247 397 2283 caetera
414 2238 495 2282 isto
512 2238 643 2283 modo
661 2254 749 2283 non
766 2238 954 2298 proprie,
979 2238 1056 2282 sed
1069 2238 1232 2297 tropice
1250 2236 1403 2297 posita,
1418 2236 1509 2296 jam
1526 2235 1627 2279 suh-

243 2311 360 2354 ditus
392 2309 433 2353 ei
462 2310 539 2370 qui
572 2319 749 2370 regnat,
785 2318 961 2369 propter
992 2309 1222 2354 veritatem
1255 2317 1299 2353 et
1326 2306 1627 2352 mansuetudi—

244 2395 347 2426 nem
367 2389 412 2425 et
433 2379 646 2441 justitiam
661 2415 673 2437 ,
699 2379 891 2442 inquirat
912 2395 963 2425 ex
987 2379 1090 2426 otio.

293 2482 303 2500 ¹
316 2473 395 2511 Psal.
417 2486 505 2520 xuv,
523 2485 615 2512 2⁴10.
